%YAML 1.1
%TAG !u! tag:unity3d.com,2011:
--- !u!29 &1
OcclusionCullingSettings:
  m_ObjectHideFlags: 0
  serializedVersion: 2
  m_OcclusionBakeSettings:
    smallestOccluder: 5
    smallestHole: 0.25
    backfaceThreshold: 100
  m_SceneGUID: 00000000000000000000000000000000
  m_OcclusionCullingData: {fileID: 0}
--- !u!104 &2
RenderSettings:
  m_ObjectHideFlags: 0
  serializedVersion: 9
  m_Fog: 0
  m_FogColor: {r: 0.5, g: 0.5, b: 0.5, a: 1}
  m_FogMode: 3
  m_FogDensity: 0.01
  m_LinearFogStart: 0
  m_LinearFogEnd: 300
  m_AmbientSkyColor: {r: 0.212, g: 0.227, b: 0.259, a: 1}
  m_AmbientEquatorColor: {r: 0.114, g: 0.125, b: 0.133, a: 1}
  m_AmbientGroundColor: {r: 0.047, g: 0.043, b: 0.035, a: 1}
  m_AmbientIntensity: 1
  m_AmbientMode: 0
  m_SubtractiveShadowColor: {r: 0.42, g: 0.478, b: 0.627, a: 1}
  m_SkyboxMaterial: {fileID: 10304, guid: 0000000000000000f000000000000000, type: 0}
  m_HaloStrength: 0.5
  m_FlareStrength: 1
  m_FlareFadeSpeed: 3
  m_HaloTexture: {fileID: 0}
  m_SpotCookie: {fileID: 10001, guid: 0000000000000000e000000000000000, type: 0}
  m_DefaultReflectionMode: 0
  m_DefaultReflectionResolution: 128
  m_ReflectionBounces: 1
  m_ReflectionIntensity: 1
  m_CustomReflection: {fileID: 0}
  m_Sun: {fileID: 0}
  m_IndirectSpecularColor: {r: 0.18028352, g: 0.22571376, b: 0.30692244, a: 1}
  m_UseRadianceAmbientProbe: 0
--- !u!157 &3
LightmapSettings:
  m_ObjectHideFlags: 0
  serializedVersion: 12
  m_GIWorkflowMode: 1
  m_GISettings:
    serializedVersion: 2
    m_BounceScale: 1
    m_IndirectOutputScale: 1
    m_AlbedoBoost: 1
    m_EnvironmentLightingMode: 0
    m_EnableBakedLightmaps: 1
    m_EnableRealtimeLightmaps: 0
  m_LightmapEditorSettings:
    serializedVersion: 12
    m_Resolution: 2
    m_BakeResolution: 40
    m_AtlasSize: 1024
    m_AO: 0
    m_AOMaxDistance: 1
    m_CompAOExponent: 1
    m_CompAOExponentDirect: 0
    m_ExtractAmbientOcclusion: 0
    m_Padding: 2
    m_LightmapParameters: {fileID: 0}
    m_LightmapsBakeMode: 1
    m_TextureCompression: 1
    m_FinalGather: 0
    m_FinalGatherFiltering: 1
    m_FinalGatherRayCount: 256
    m_ReflectionCompression: 2
    m_MixedBakeMode: 2
    m_BakeBackend: 1
    m_PVRSampling: 1
    m_PVRDirectSampleCount: 32
    m_PVRSampleCount: 512
    m_PVRBounces: 2
    m_PVREnvironmentSampleCount: 256
    m_PVREnvironmentReferencePointCount: 2048
    m_PVRFilteringMode: 1
    m_PVRDenoiserTypeDirect: 1
    m_PVRDenoiserTypeIndirect: 1
    m_PVRDenoiserTypeAO: 1
    m_PVRFilterTypeDirect: 0
    m_PVRFilterTypeIndirect: 0
    m_PVRFilterTypeAO: 0
    m_PVREnvironmentMIS: 1
    m_PVRCulling: 1
    m_PVRFilteringGaussRadiusDirect: 1
    m_PVRFilteringGaussRadiusIndirect: 5
    m_PVRFilteringGaussRadiusAO: 2
    m_PVRFilteringAtrousPositionSigmaDirect: 0.5
    m_PVRFilteringAtrousPositionSigmaIndirect: 2
    m_PVRFilteringAtrousPositionSigmaAO: 1
    m_ExportTrainingData: 0
    m_TrainingDataDestination: TrainingData
    m_LightProbeSampleCountMultiplier: 4
  m_LightingDataAsset: {fileID: 0}
  m_LightingSettings: {fileID: 0}
--- !u!196 &4
NavMeshSettings:
  serializedVersion: 2
  m_ObjectHideFlags: 0
  m_BuildSettings:
    serializedVersion: 2
    agentTypeID: 0
    agentRadius: 0.5
    agentHeight: 2
    agentSlope: 45
    agentClimb: 0.4
    ledgeDropHeight: 0
    maxJumpAcrossDistance: 0
    minRegionArea: 2
    manualCellSize: 0
    cellSize: 0.16666667
    manualTileSize: 0
    tileSize: 256
    accuratePlacement: 0
    maxJobWorkers: 0
    preserveTilesOutsideBounds: 0
    debug:
      m_Flags: 0
  m_NavMeshData: {fileID: 0}
--- !u!4 &20185452 stripped
Transform:
  m_CorrespondingSourceObject: {fileID: 700669094193436930, guid: 7be9de62d0eaaac4aaf6dc8fbaad9ada,
    type: 3}
  m_PrefabInstance: {fileID: 1293750390}
  m_PrefabAsset: {fileID: 0}
--- !u!4 &72186765 stripped
Transform:
  m_CorrespondingSourceObject: {fileID: 700669094193436930, guid: 7be9de62d0eaaac4aaf6dc8fbaad9ada,
    type: 3}
  m_PrefabInstance: {fileID: 783801067}
  m_PrefabAsset: {fileID: 0}
--- !u!1 &144328718
GameObject:
  m_ObjectHideFlags: 0
  m_CorrespondingSourceObject: {fileID: 0}
  m_PrefabInstance: {fileID: 0}
  m_PrefabAsset: {fileID: 0}
  serializedVersion: 6
  m_Component:
  - component: {fileID: 144328723}
  - component: {fileID: 144328722}
  - component: {fileID: 144328721}
  - component: {fileID: 144328720}
  - component: {fileID: 144328719}
  - component: {fileID: 144328724}
  m_Layer: 0
  m_Name: PowerUp
  m_TagString: Untagged
  m_Icon: {fileID: 0}
  m_NavMeshLayer: 0
  m_StaticEditorFlags: 0
  m_IsActive: 1
--- !u!114 &144328719
MonoBehaviour:
  m_ObjectHideFlags: 0
  m_CorrespondingSourceObject: {fileID: 0}
  m_PrefabInstance: {fileID: 0}
  m_PrefabAsset: {fileID: 0}
  m_GameObject: {fileID: 144328718}
  m_Enabled: 1
  m_EditorHideFlags: 0
  m_Script: {fileID: 11500000, guid: 0df26f79dd5670a43bdb4e71c7e12ca4, type: 3}
  m_Name: 
  m_EditorClassIdentifier: 
  rotationSpeed: 75
--- !u!135 &144328720
SphereCollider:
  m_ObjectHideFlags: 0
  m_CorrespondingSourceObject: {fileID: 0}
  m_PrefabInstance: {fileID: 0}
  m_PrefabAsset: {fileID: 0}
  m_GameObject: {fileID: 144328718}
  m_Material: {fileID: 0}
  m_IsTrigger: 1
  m_Enabled: 1
  serializedVersion: 2
  m_Radius: 0.5
  m_Center: {x: 0, y: 0, z: 0}
--- !u!23 &144328721
MeshRenderer:
  m_ObjectHideFlags: 0
  m_CorrespondingSourceObject: {fileID: 0}
  m_PrefabInstance: {fileID: 0}
  m_PrefabAsset: {fileID: 0}
  m_GameObject: {fileID: 144328718}
  m_Enabled: 1
  m_CastShadows: 1
  m_ReceiveShadows: 1
  m_DynamicOccludee: 1
  m_StaticShadowCaster: 0
  m_MotionVectors: 1
  m_LightProbeUsage: 1
  m_ReflectionProbeUsage: 1
  m_RayTracingMode: 2
  m_RayTraceProcedural: 0
  m_RenderingLayerMask: 1
  m_RendererPriority: 0
  m_Materials:
  - {fileID: 2100000, guid: 7426be7c2de3e73449e54330f37f1041, type: 2}
  m_StaticBatchInfo:
    firstSubMesh: 0
    subMeshCount: 0
  m_StaticBatchRoot: {fileID: 0}
  m_ProbeAnchor: {fileID: 0}
  m_LightProbeVolumeOverride: {fileID: 0}
  m_ScaleInLightmap: 1
  m_ReceiveGI: 1
  m_PreserveUVs: 0
  m_IgnoreNormalsForChartDetection: 0
  m_ImportantGI: 0
  m_StitchLightmapSeams: 1
  m_SelectedEditorRenderState: 3
  m_MinimumChartSize: 4
  m_AutoUVMaxDistance: 0.5
  m_AutoUVMaxAngle: 89
  m_LightmapParameters: {fileID: 0}
  m_SortingLayerID: 0
  m_SortingLayer: 0
  m_SortingOrder: 0
  m_AdditionalVertexStreams: {fileID: 0}
--- !u!33 &144328722
MeshFilter:
  m_ObjectHideFlags: 0
  m_CorrespondingSourceObject: {fileID: 0}
  m_PrefabInstance: {fileID: 0}
  m_PrefabAsset: {fileID: 0}
  m_GameObject: {fileID: 144328718}
  m_Mesh: {fileID: 10207, guid: 0000000000000000e000000000000000, type: 0}
--- !u!4 &144328723
Transform:
  m_ObjectHideFlags: 0
  m_CorrespondingSourceObject: {fileID: 0}
  m_PrefabInstance: {fileID: 0}
  m_PrefabAsset: {fileID: 0}
  m_GameObject: {fileID: 144328718}
  m_LocalRotation: {x: 0.5, y: 0.5, z: 0.5, w: 0.5}
  m_LocalPosition: {x: 0.22, y: -2.32, z: 87.78}
  m_LocalScale: {x: 0.54038, y: 0.108076, z: 0.54038}
  m_ConstrainProportionsScale: 0
  m_Children: []
  m_Father: {fileID: 0}
  m_RootOrder: 11
  m_LocalEulerAnglesHint: {x: 0, y: 90, z: 90}
--- !u!114 &144328724
MonoBehaviour:
  m_ObjectHideFlags: 0
  m_CorrespondingSourceObject: {fileID: 0}
  m_PrefabInstance: {fileID: 0}
  m_PrefabAsset: {fileID: 0}
  m_GameObject: {fileID: 144328718}
  m_Enabled: 1
  m_EditorHideFlags: 0
  m_Script: {fileID: 11500000, guid: 2208b241d8167e8429df5d40c3c9ddaa, type: 3}
  m_Name: 
  m_EditorClassIdentifier: 
--- !u!4 &154780839 stripped
Transform:
  m_CorrespondingSourceObject: {fileID: 7428434011003673307, guid: 167adaeae5ef48748a24b8d5493a6494,
    type: 3}
  m_PrefabInstance: {fileID: 1213335791}
  m_PrefabAsset: {fileID: 0}
--- !u!4 &200889916 stripped
Transform:
  m_CorrespondingSourceObject: {fileID: 7428434011003673307, guid: 167adaeae5ef48748a24b8d5493a6494,
    type: 3}
  m_PrefabInstance: {fileID: 1843685088}
  m_PrefabAsset: {fileID: 0}
--- !u!4 &231310364 stripped
Transform:
  m_CorrespondingSourceObject: {fileID: 700669094193436930, guid: 7be9de62d0eaaac4aaf6dc8fbaad9ada,
    type: 3}
  m_PrefabInstance: {fileID: 632152112}
  m_PrefabAsset: {fileID: 0}
--- !u!1 &330585543
GameObject:
  m_ObjectHideFlags: 0
  m_CorrespondingSourceObject: {fileID: 0}
  m_PrefabInstance: {fileID: 0}
  m_PrefabAsset: {fileID: 0}
  serializedVersion: 6
  m_Component:
  - component: {fileID: 330585546}
  - component: {fileID: 330585545}
  - component: {fileID: 330585544}
  - component: {fileID: 330585547}
  - component: {fileID: 330585548}
  m_Layer: 0
  m_Name: Main Camera
  m_TagString: MainCamera
  m_Icon: {fileID: 0}
  m_NavMeshLayer: 0
  m_StaticEditorFlags: 0
  m_IsActive: 1
--- !u!81 &330585544
AudioListener:
  m_ObjectHideFlags: 0
  m_CorrespondingSourceObject: {fileID: 0}
  m_PrefabInstance: {fileID: 0}
  m_PrefabAsset: {fileID: 0}
  m_GameObject: {fileID: 330585543}
  m_Enabled: 1
--- !u!20 &330585545
Camera:
  m_ObjectHideFlags: 0
  m_CorrespondingSourceObject: {fileID: 0}
  m_PrefabInstance: {fileID: 0}
  m_PrefabAsset: {fileID: 0}
  m_GameObject: {fileID: 330585543}
  m_Enabled: 1
  serializedVersion: 2
  m_ClearFlags: 1
  m_BackGroundColor: {r: 0.19215687, g: 0.3019608, b: 0.4745098, a: 0}
  m_projectionMatrixMode: 1
  m_GateFitMode: 2
  m_FOVAxisMode: 0
  m_SensorSize: {x: 36, y: 24}
  m_LensShift: {x: 0, y: 0}
  m_FocalLength: 50
  m_NormalizedViewPortRect:
    serializedVersion: 2
    x: 0
    y: 0
    width: 1
    height: 1
  near clip plane: 0.3
  far clip plane: 1000
  field of view: 60
  orthographic: 0
  orthographic size: 5
  m_Depth: -1
  m_CullingMask:
    serializedVersion: 2
    m_Bits: 4294967295
  m_RenderingPath: -1
  m_TargetTexture: {fileID: 0}
  m_TargetDisplay: 0
  m_TargetEye: 3
  m_HDR: 1
  m_AllowMSAA: 1
  m_AllowDynamicResolution: 0
  m_ForceIntoRT: 0
  m_OcclusionCulling: 1
  m_StereoConvergence: 10
  m_StereoSeparation: 0.022
--- !u!4 &330585546
Transform:
  m_ObjectHideFlags: 0
  m_CorrespondingSourceObject: {fileID: 0}
  m_PrefabInstance: {fileID: 0}
  m_PrefabAsset: {fileID: 0}
  m_GameObject: {fileID: 330585543}
  m_LocalRotation: {x: -0, y: -0, z: -0, w: 1}
  m_LocalPosition: {x: -0.04, y: 0.57, z: -0.245}
  m_LocalScale: {x: 2.0898206, y: 2.0898206, z: 2.0898206}
  m_ConstrainProportionsScale: 0
  m_Children: []
  m_Father: {fileID: 1871188208}
  m_RootOrder: 0
  m_LocalEulerAnglesHint: {x: 0, y: 0, z: 0}
--- !u!114 &330585547
MonoBehaviour:
  m_ObjectHideFlags: 0
  m_CorrespondingSourceObject: {fileID: 0}
  m_PrefabInstance: {fileID: 0}
  m_PrefabAsset: {fileID: 0}
  m_GameObject: {fileID: 330585543}
  m_Enabled: 1
  m_EditorHideFlags: 0
  m_Script: {fileID: 11500000, guid: a79441f348de89743a2939f4d699eac1, type: 3}
  m_Name: 
  m_EditorClassIdentifier: 
  m_RenderShadows: 1
  m_RequiresDepthTextureOption: 2
  m_RequiresOpaqueTextureOption: 2
  m_CameraType: 0
  m_Cameras: []
  m_RendererIndex: -1
  m_VolumeLayerMask:
    serializedVersion: 2
    m_Bits: 1
  m_VolumeTrigger: {fileID: 0}
  m_VolumeFrameworkUpdateModeOption: 2
  m_RenderPostProcessing: 1
  m_Antialiasing: 0
  m_AntialiasingQuality: 2
  m_StopNaN: 0
  m_Dithering: 0
  m_ClearDepth: 1
  m_AllowXRRendering: 1
  m_RequiresDepthTexture: 0
  m_RequiresColorTexture: 0
  m_Version: 2
--- !u!114 &330585548
MonoBehaviour:
  m_ObjectHideFlags: 0
  m_CorrespondingSourceObject: {fileID: 0}
  m_PrefabInstance: {fileID: 0}
  m_PrefabAsset: {fileID: 0}
  m_GameObject: {fileID: 330585543}
  m_Enabled: 1
  m_EditorHideFlags: 0
  m_Script: {fileID: 11500000, guid: 02cc83e9d5d43334e88e70ed221c89e8, type: 3}
  m_Name: 
  m_EditorClassIdentifier: 
  target: {fileID: 0}
  smoothTime: 0.3
  sensibilidad: 5
  suavizado: 2
--- !u!1 &410087039
GameObject:
  m_ObjectHideFlags: 0
  m_CorrespondingSourceObject: {fileID: 0}
  m_PrefabInstance: {fileID: 0}
  m_PrefabAsset: {fileID: 0}
  serializedVersion: 6
  m_Component:
  - component: {fileID: 410087041}
  - component: {fileID: 410087040}
  - component: {fileID: 410087042}
  m_Layer: 0
  m_Name: Directional Light
  m_TagString: Untagged
  m_Icon: {fileID: 0}
  m_NavMeshLayer: 0
  m_StaticEditorFlags: 0
  m_IsActive: 1
--- !u!108 &410087040
Light:
  m_ObjectHideFlags: 0
  m_CorrespondingSourceObject: {fileID: 0}
  m_PrefabInstance: {fileID: 0}
  m_PrefabAsset: {fileID: 0}
  m_GameObject: {fileID: 410087039}
  m_Enabled: 1
  serializedVersion: 10
  m_Type: 1
  m_Shape: 0
  m_Color: {r: 1, g: 1, b: 1, a: 1}
  m_Intensity: 2
  m_Range: 10
  m_SpotAngle: 30
  m_InnerSpotAngle: 21.80208
  m_CookieSize: 10
  m_Shadows:
    m_Type: 2
    m_Resolution: -1
    m_CustomResolution: -1
    m_Strength: 1
    m_Bias: 0.05
    m_NormalBias: 0.4
    m_NearPlane: 0.2
    m_CullingMatrixOverride:
      e00: 1
      e01: 0
      e02: 0
      e03: 0
      e10: 0
      e11: 1
      e12: 0
      e13: 0
      e20: 0
      e21: 0
      e22: 1
      e23: 0
      e30: 0
      e31: 0
      e32: 0
      e33: 1
    m_UseCullingMatrixOverride: 0
  m_Cookie: {fileID: 0}
  m_DrawHalo: 0
  m_Flare: {fileID: 0}
  m_RenderMode: 0
  m_CullingMask:
    serializedVersion: 2
    m_Bits: 4294967295
  m_RenderingLayerMask: 1
  m_Lightmapping: 4
  m_LightShadowCasterMode: 0
  m_AreaSize: {x: 1, y: 1}
  m_BounceIntensity: 1
  m_ColorTemperature: 5000
  m_UseColorTemperature: 1
  m_BoundingSphereOverride: {x: 0, y: 0, z: 0, w: 0}
  m_UseBoundingSphereOverride: 0
  m_UseViewFrustumForShadowCasterCull: 1
  m_ShadowRadius: 0
  m_ShadowAngle: 0
--- !u!4 &410087041
Transform:
  m_ObjectHideFlags: 0
  m_CorrespondingSourceObject: {fileID: 0}
  m_PrefabInstance: {fileID: 0}
  m_PrefabAsset: {fileID: 0}
  m_GameObject: {fileID: 410087039}
  m_LocalRotation: {x: 0.40821788, y: -0.23456968, z: 0.10938163, w: 0.8754261}
  m_LocalPosition: {x: 0, y: 3, z: 0}
  m_LocalScale: {x: 1, y: 1, z: 1}
  m_ConstrainProportionsScale: 0
  m_Children: []
  m_Father: {fileID: 0}
  m_RootOrder: 0
  m_LocalEulerAnglesHint: {x: 50, y: -30, z: 0}
--- !u!114 &410087042
MonoBehaviour:
  m_ObjectHideFlags: 0
  m_CorrespondingSourceObject: {fileID: 0}
  m_PrefabInstance: {fileID: 0}
  m_PrefabAsset: {fileID: 0}
  m_GameObject: {fileID: 410087039}
  m_Enabled: 1
  m_EditorHideFlags: 0
  m_Script: {fileID: 11500000, guid: 474bcb49853aa07438625e644c072ee6, type: 3}
  m_Name: 
  m_EditorClassIdentifier: 
  m_Version: 1
  m_UsePipelineSettings: 1
  m_AdditionalLightsShadowResolutionTier: 2
  m_LightLayerMask: 1
  m_CustomShadowLayers: 0
  m_ShadowLayerMask: 1
  m_LightCookieSize: {x: 1, y: 1}
  m_LightCookieOffset: {x: 0, y: 0}
--- !u!4 &456627454 stripped
Transform:
  m_CorrespondingSourceObject: {fileID: 700669094193436930, guid: 7be9de62d0eaaac4aaf6dc8fbaad9ada,
    type: 3}
  m_PrefabInstance: {fileID: 1035955004}
  m_PrefabAsset: {fileID: 0}
--- !u!1 &463255815
GameObject:
  m_ObjectHideFlags: 0
  m_CorrespondingSourceObject: {fileID: 0}
  m_PrefabInstance: {fileID: 0}
  m_PrefabAsset: {fileID: 0}
  serializedVersion: 6
  m_Component:
  - component: {fileID: 463255816}
  - component: {fileID: 463255818}
  - component: {fileID: 463255817}
  m_Layer: 5
  m_Name: Temporizador
  m_TagString: Untagged
  m_Icon: {fileID: 0}
  m_NavMeshLayer: 0
  m_StaticEditorFlags: 0
  m_IsActive: 1
--- !u!224 &463255816
RectTransform:
  m_ObjectHideFlags: 0
  m_CorrespondingSourceObject: {fileID: 0}
  m_PrefabInstance: {fileID: 0}
  m_PrefabAsset: {fileID: 0}
  m_GameObject: {fileID: 463255815}
  m_LocalRotation: {x: -0, y: -0, z: -0, w: 1}
  m_LocalPosition: {x: 0, y: 0, z: -0.62759703}
  m_LocalScale: {x: 0.0014774892, y: 0.0014774892, z: 0.0014774892}
  m_ConstrainProportionsScale: 0
  m_Children: []
  m_Father: {fileID: 1251047179}
  m_RootOrder: 0
  m_LocalEulerAnglesHint: {x: 0, y: 0, z: 0}
  m_AnchorMin: {x: 0, y: 1}
  m_AnchorMax: {x: 0, y: 1}
  m_AnchoredPosition: {x: -516.97986, y: -200.33127}
  m_SizeDelta: {x: 160, y: 30}
  m_Pivot: {x: 0.5, y: 0.5}
--- !u!114 &463255817
MonoBehaviour:
  m_ObjectHideFlags: 0
  m_CorrespondingSourceObject: {fileID: 0}
  m_PrefabInstance: {fileID: 0}
  m_PrefabAsset: {fileID: 0}
  m_GameObject: {fileID: 463255815}
  m_Enabled: 1
  m_EditorHideFlags: 0
  m_Script: {fileID: 11500000, guid: 5f7201a12d95ffc409449d95f23cf332, type: 3}
  m_Name: 
  m_EditorClassIdentifier: 
  m_Material: {fileID: 0}
  m_Color: {r: 0.19607843, g: 0.19607843, b: 0.19607843, a: 1}
  m_RaycastTarget: 1
  m_RaycastPadding: {x: 0, y: 0, z: 0, w: 0}
  m_Maskable: 1
  m_OnCullStateChanged:
    m_PersistentCalls:
      m_Calls: []
  m_FontData:
    m_Font: {fileID: 10102, guid: 0000000000000000e000000000000000, type: 0}
    m_FontSize: 14
    m_FontStyle: 0
    m_BestFit: 1
    m_MinSize: 10
    m_MaxSize: 40
    m_Alignment: 0
    m_AlignByGeometry: 0
    m_RichText: 1
    m_HorizontalOverflow: 1
    m_VerticalOverflow: 1
    m_LineSpacing: 1
  m_Text: 60
--- !u!222 &463255818
CanvasRenderer:
  m_ObjectHideFlags: 0
  m_CorrespondingSourceObject: {fileID: 0}
  m_PrefabInstance: {fileID: 0}
  m_PrefabAsset: {fileID: 0}
  m_GameObject: {fileID: 463255815}
  m_CullTransparentMesh: 1
--- !u!1 &545808969
GameObject:
  m_ObjectHideFlags: 0
  m_CorrespondingSourceObject: {fileID: 0}
  m_PrefabInstance: {fileID: 0}
  m_PrefabAsset: {fileID: 0}
  serializedVersion: 6
  m_Component:
  - component: {fileID: 545808970}
  m_Layer: 0
  m_Name: Generadores
  m_TagString: Untagged
  m_Icon: {fileID: 0}
  m_NavMeshLayer: 0
  m_StaticEditorFlags: 0
  m_IsActive: 1
--- !u!4 &545808970
Transform:
  m_ObjectHideFlags: 0
  m_CorrespondingSourceObject: {fileID: 0}
  m_PrefabInstance: {fileID: 0}
  m_PrefabAsset: {fileID: 0}
  m_GameObject: {fileID: 545808969}
  m_LocalRotation: {x: 0, y: 0, z: 0, w: 1}
  m_LocalPosition: {x: -6.1, y: 8.91, z: 65.44311}
  m_LocalScale: {x: 1, y: 1, z: 1}
  m_ConstrainProportionsScale: 0
  m_Children:
  - {fileID: 200889916}
  - {fileID: 154780839}
  - {fileID: 1912108182}
  m_Father: {fileID: 0}
  m_RootOrder: 7
  m_LocalEulerAnglesHint: {x: 0, y: 0, z: 0}
--- !u!1 &629142372
GameObject:
  m_ObjectHideFlags: 0
  m_CorrespondingSourceObject: {fileID: 0}
  m_PrefabInstance: {fileID: 0}
  m_PrefabAsset: {fileID: 0}
  serializedVersion: 6
  m_Component:
  - component: {fileID: 629142373}
  - component: {fileID: 629142374}
  m_Layer: 0
  m_Name: Objetivo
  m_TagString: Untagged
  m_Icon: {fileID: 0}
  m_NavMeshLayer: 0
  m_StaticEditorFlags: 0
  m_IsActive: 1
--- !u!4 &629142373
Transform:
  m_ObjectHideFlags: 0
  m_CorrespondingSourceObject: {fileID: 0}
  m_PrefabInstance: {fileID: 0}
  m_PrefabAsset: {fileID: 0}
  m_GameObject: {fileID: 629142372}
  m_LocalRotation: {x: -0, y: -0, z: -0, w: 1}
  m_LocalPosition: {x: -0.0077331346, y: 0.0039586285, z: 76917.56}
  m_LocalScale: {x: 772.2647, y: 772.2647, z: 772.2647}
  m_ConstrainProportionsScale: 0
  m_Children:
  - {fileID: 778808911}
  m_Father: {fileID: 1937673752}
  m_RootOrder: 2
  m_LocalEulerAnglesHint: {x: 0, y: 0, z: 0}
--- !u!114 &629142374
MonoBehaviour:
  m_ObjectHideFlags: 0
  m_CorrespondingSourceObject: {fileID: 0}
  m_PrefabInstance: {fileID: 0}
  m_PrefabAsset: {fileID: 0}
  m_GameObject: {fileID: 629142372}
  m_Enabled: 1
  m_EditorHideFlags: 0
  m_Script: {fileID: 11500000, guid: 3f24b1c4e0799cd4fac72f81e9dcf07d, type: 3}
  m_Name: 
  m_EditorClassIdentifier: 
  Objetivo: {fileID: 778808910}
--- !u!1001 &632152112
PrefabInstance:
  m_ObjectHideFlags: 0
  serializedVersion: 2
  m_Modification:
    m_TransformParent: {fileID: 1489301805}
    m_Modifications:
    - target: {fileID: 700669094193436930, guid: 7be9de62d0eaaac4aaf6dc8fbaad9ada,
        type: 3}
      propertyPath: m_RootOrder
      value: 8
      objectReference: {fileID: 0}
    - target: {fileID: 700669094193436930, guid: 7be9de62d0eaaac4aaf6dc8fbaad9ada,
        type: 3}
      propertyPath: m_LocalScale.x
      value: 15.7165575
      objectReference: {fileID: 0}
    - target: {fileID: 700669094193436930, guid: 7be9de62d0eaaac4aaf6dc8fbaad9ada,
        type: 3}
      propertyPath: m_LocalScale.y
      value: 0.65461576
      objectReference: {fileID: 0}
    - target: {fileID: 700669094193436930, guid: 7be9de62d0eaaac4aaf6dc8fbaad9ada,
        type: 3}
      propertyPath: m_LocalScale.z
      value: 20.044508
      objectReference: {fileID: 0}
    - target: {fileID: 700669094193436930, guid: 7be9de62d0eaaac4aaf6dc8fbaad9ada,
        type: 3}
      propertyPath: m_LocalPosition.x
      value: 12.331546
      objectReference: {fileID: 0}
    - target: {fileID: 700669094193436930, guid: 7be9de62d0eaaac4aaf6dc8fbaad9ada,
        type: 3}
      propertyPath: m_LocalPosition.y
      value: 5.69
      objectReference: {fileID: 0}
    - target: {fileID: 700669094193436930, guid: 7be9de62d0eaaac4aaf6dc8fbaad9ada,
        type: 3}
      propertyPath: m_LocalPosition.z
      value: 109.1
      objectReference: {fileID: 0}
    - target: {fileID: 700669094193436930, guid: 7be9de62d0eaaac4aaf6dc8fbaad9ada,
        type: 3}
      propertyPath: m_LocalRotation.w
      value: 1
      objectReference: {fileID: 0}
    - target: {fileID: 700669094193436930, guid: 7be9de62d0eaaac4aaf6dc8fbaad9ada,
        type: 3}
      propertyPath: m_LocalRotation.x
      value: -0
      objectReference: {fileID: 0}
    - target: {fileID: 700669094193436930, guid: 7be9de62d0eaaac4aaf6dc8fbaad9ada,
        type: 3}
      propertyPath: m_LocalRotation.y
      value: -0
      objectReference: {fileID: 0}
    - target: {fileID: 700669094193436930, guid: 7be9de62d0eaaac4aaf6dc8fbaad9ada,
        type: 3}
      propertyPath: m_LocalRotation.z
      value: -0
      objectReference: {fileID: 0}
    - target: {fileID: 700669094193436930, guid: 7be9de62d0eaaac4aaf6dc8fbaad9ada,
        type: 3}
      propertyPath: m_LocalEulerAnglesHint.x
      value: 0
      objectReference: {fileID: 0}
    - target: {fileID: 700669094193436930, guid: 7be9de62d0eaaac4aaf6dc8fbaad9ada,
        type: 3}
      propertyPath: m_LocalEulerAnglesHint.y
      value: 0
      objectReference: {fileID: 0}
    - target: {fileID: 700669094193436930, guid: 7be9de62d0eaaac4aaf6dc8fbaad9ada,
        type: 3}
      propertyPath: m_LocalEulerAnglesHint.z
      value: 0
      objectReference: {fileID: 0}
    - target: {fileID: 1186664194277121215, guid: 7be9de62d0eaaac4aaf6dc8fbaad9ada,
        type: 3}
      propertyPath: m_Name
      value: Piso (8)
      objectReference: {fileID: 0}
    - target: {fileID: 8880679354737926718, guid: 7be9de62d0eaaac4aaf6dc8fbaad9ada,
        type: 3}
      propertyPath: m_Materials.Array.data[0]
      value: 
      objectReference: {fileID: 2100000, guid: c218e08a7eb249848aca4a2c02deee8b, type: 2}
    m_RemovedComponents: []
  m_SourcePrefab: {fileID: 100100000, guid: 7be9de62d0eaaac4aaf6dc8fbaad9ada, type: 3}
--- !u!1 &778808910
GameObject:
  m_ObjectHideFlags: 0
  m_CorrespondingSourceObject: {fileID: 0}
  m_PrefabInstance: {fileID: 0}
  m_PrefabAsset: {fileID: 0}
  serializedVersion: 6
  m_Component:
  - component: {fileID: 778808911}
  - component: {fileID: 778808913}
  - component: {fileID: 778808912}
  m_Layer: 5
  m_Name: TextoObjetivo
  m_TagString: Untagged
  m_Icon: {fileID: 0}
  m_NavMeshLayer: 0
  m_StaticEditorFlags: 0
  m_IsActive: 1
--- !u!224 &778808911
RectTransform:
  m_ObjectHideFlags: 0
  m_CorrespondingSourceObject: {fileID: 0}
  m_PrefabInstance: {fileID: 0}
  m_PrefabAsset: {fileID: 0}
  m_GameObject: {fileID: 778808910}
  m_LocalRotation: {x: -0, y: -0, z: -0, w: 1}
  m_LocalPosition: {x: 0, y: 0, z: -99.600006}
  m_LocalScale: {x: 0.0012948927, y: 0.0012948927, z: 0.0012948927}
  m_ConstrainProportionsScale: 0
  m_Children: []
  m_Father: {fileID: 629142373}
  m_RootOrder: 0
  m_LocalEulerAnglesHint: {x: 0, y: 0, z: 0}
  m_AnchorMin: {x: 0.5, y: 0.5}
  m_AnchorMax: {x: 0.5, y: 0.5}
  m_AnchoredPosition: {x: 0.000010013581, y: 0}
  m_SizeDelta: {x: 160, y: 30}
  m_Pivot: {x: 0.5, y: 0.5}
--- !u!114 &778808912
MonoBehaviour:
  m_ObjectHideFlags: 0
  m_CorrespondingSourceObject: {fileID: 0}
  m_PrefabInstance: {fileID: 0}
  m_PrefabAsset: {fileID: 0}
  m_GameObject: {fileID: 778808910}
  m_Enabled: 1
  m_EditorHideFlags: 0
  m_Script: {fileID: 11500000, guid: 5f7201a12d95ffc409449d95f23cf332, type: 3}
  m_Name: 
  m_EditorClassIdentifier: 
  m_Material: {fileID: 0}
  m_Color: {r: 0.19607843, g: 0.19607843, b: 0.19607843, a: 1}
  m_RaycastTarget: 1
  m_RaycastPadding: {x: 0, y: 0, z: 0, w: 0}
  m_Maskable: 1
  m_OnCullStateChanged:
    m_PersistentCalls:
      m_Calls: []
  m_FontData:
    m_Font: {fileID: 10102, guid: 0000000000000000e000000000000000, type: 0}
    m_FontSize: 14
    m_FontStyle: 0
    m_BestFit: 1
    m_MinSize: 10
    m_MaxSize: 40
    m_Alignment: 4
    m_AlignByGeometry: 0
    m_RichText: 1
    m_HorizontalOverflow: 1
    m_VerticalOverflow: 1
    m_LineSpacing: 1
  m_Text: Llega al final del mapa y desactiva la bomba!
--- !u!222 &778808913
CanvasRenderer:
  m_ObjectHideFlags: 0
  m_CorrespondingSourceObject: {fileID: 0}
  m_PrefabInstance: {fileID: 0}
  m_PrefabAsset: {fileID: 0}
  m_GameObject: {fileID: 778808910}
  m_CullTransparentMesh: 1
--- !u!1001 &783801067
PrefabInstance:
  m_ObjectHideFlags: 0
  serializedVersion: 2
  m_Modification:
    m_TransformParent: {fileID: 1489301805}
    m_Modifications:
    - target: {fileID: 700669094193436930, guid: 7be9de62d0eaaac4aaf6dc8fbaad9ada,
        type: 3}
      propertyPath: m_RootOrder
      value: 4
      objectReference: {fileID: 0}
    - target: {fileID: 700669094193436930, guid: 7be9de62d0eaaac4aaf6dc8fbaad9ada,
        type: 3}
      propertyPath: m_LocalPosition.x
      value: 12.331546
      objectReference: {fileID: 0}
    - target: {fileID: 700669094193436930, guid: 7be9de62d0eaaac4aaf6dc8fbaad9ada,
        type: 3}
      propertyPath: m_LocalPosition.y
      value: 2.2111428
      objectReference: {fileID: 0}
    - target: {fileID: 700669094193436930, guid: 7be9de62d0eaaac4aaf6dc8fbaad9ada,
        type: 3}
      propertyPath: m_LocalPosition.z
      value: 43.17
      objectReference: {fileID: 0}
    - target: {fileID: 700669094193436930, guid: 7be9de62d0eaaac4aaf6dc8fbaad9ada,
        type: 3}
      propertyPath: m_LocalRotation.w
      value: 1
      objectReference: {fileID: 0}
    - target: {fileID: 700669094193436930, guid: 7be9de62d0eaaac4aaf6dc8fbaad9ada,
        type: 3}
      propertyPath: m_LocalRotation.x
      value: -0
      objectReference: {fileID: 0}
    - target: {fileID: 700669094193436930, guid: 7be9de62d0eaaac4aaf6dc8fbaad9ada,
        type: 3}
      propertyPath: m_LocalRotation.y
      value: -0
      objectReference: {fileID: 0}
    - target: {fileID: 700669094193436930, guid: 7be9de62d0eaaac4aaf6dc8fbaad9ada,
        type: 3}
      propertyPath: m_LocalRotation.z
      value: -0
      objectReference: {fileID: 0}
    - target: {fileID: 700669094193436930, guid: 7be9de62d0eaaac4aaf6dc8fbaad9ada,
        type: 3}
      propertyPath: m_LocalEulerAnglesHint.x
      value: 0
      objectReference: {fileID: 0}
    - target: {fileID: 700669094193436930, guid: 7be9de62d0eaaac4aaf6dc8fbaad9ada,
        type: 3}
      propertyPath: m_LocalEulerAnglesHint.y
      value: 0
      objectReference: {fileID: 0}
    - target: {fileID: 700669094193436930, guid: 7be9de62d0eaaac4aaf6dc8fbaad9ada,
        type: 3}
      propertyPath: m_LocalEulerAnglesHint.z
      value: 0
      objectReference: {fileID: 0}
    - target: {fileID: 1186664194277121215, guid: 7be9de62d0eaaac4aaf6dc8fbaad9ada,
        type: 3}
      propertyPath: m_Name
      value: Piso (4)
      objectReference: {fileID: 0}
    m_RemovedComponents: []
  m_SourcePrefab: {fileID: 100100000, guid: 7be9de62d0eaaac4aaf6dc8fbaad9ada, type: 3}
--- !u!1 &832575517
GameObject:
  m_ObjectHideFlags: 0
  m_CorrespondingSourceObject: {fileID: 0}
  m_PrefabInstance: {fileID: 0}
  m_PrefabAsset: {fileID: 0}
  serializedVersion: 6
  m_Component:
  - component: {fileID: 832575519}
  - component: {fileID: 832575518}
  m_Layer: 0
  m_Name: Global Volume
  m_TagString: Untagged
  m_Icon: {fileID: 0}
  m_NavMeshLayer: 0
  m_StaticEditorFlags: 0
  m_IsActive: 1
--- !u!114 &832575518
MonoBehaviour:
  m_ObjectHideFlags: 0
  m_CorrespondingSourceObject: {fileID: 0}
  m_PrefabInstance: {fileID: 0}
  m_PrefabAsset: {fileID: 0}
  m_GameObject: {fileID: 832575517}
  m_Enabled: 1
  m_EditorHideFlags: 0
  m_Script: {fileID: 11500000, guid: 172515602e62fb746b5d573b38a5fe58, type: 3}
  m_Name: 
  m_EditorClassIdentifier: 
  m_IsGlobal: 1
  priority: 0
  blendDistance: 0
  weight: 1
  sharedProfile: {fileID: 11400000, guid: a6560a915ef98420e9faacc1c7438823, type: 2}
--- !u!4 &832575519
Transform:
  m_ObjectHideFlags: 0
  m_CorrespondingSourceObject: {fileID: 0}
  m_PrefabInstance: {fileID: 0}
  m_PrefabAsset: {fileID: 0}
  m_GameObject: {fileID: 832575517}
  m_LocalRotation: {x: 0, y: 0, z: 0, w: 1}
  m_LocalPosition: {x: 0, y: 0, z: 0}
  m_LocalScale: {x: 1, y: 1, z: 1}
  m_ConstrainProportionsScale: 0
  m_Children: []
  m_Father: {fileID: 0}
  m_RootOrder: 1
  m_LocalEulerAnglesHint: {x: 0, y: 0, z: 0}
--- !u!1 &848727667
GameObject:
  m_ObjectHideFlags: 0
  m_CorrespondingSourceObject: {fileID: 0}
  m_PrefabInstance: {fileID: 0}
  m_PrefabAsset: {fileID: 0}
  serializedVersion: 6
  m_Component:
  - component: {fileID: 848727668}
  - component: {fileID: 848727670}
  - component: {fileID: 848727669}
  m_Layer: 5
  m_Name: Panel
  m_TagString: Untagged
  m_Icon: {fileID: 0}
  m_NavMeshLayer: 0
  m_StaticEditorFlags: 0
  m_IsActive: 1
--- !u!224 &848727668
RectTransform:
  m_ObjectHideFlags: 0
  m_CorrespondingSourceObject: {fileID: 0}
  m_PrefabInstance: {fileID: 0}
  m_PrefabAsset: {fileID: 0}
  m_GameObject: {fileID: 848727667}
  m_LocalRotation: {x: -0, y: -0, z: -0, w: 1}
  m_LocalPosition: {x: 0, y: 0, z: 0}
  m_LocalScale: {x: 1, y: 1, z: 1}
  m_ConstrainProportionsScale: 0
  m_Children: []
  m_Father: {fileID: 1937673752}
  m_RootOrder: 0
  m_LocalEulerAnglesHint: {x: 0, y: 0, z: 0}
  m_AnchorMin: {x: 0, y: 1}
  m_AnchorMax: {x: 0, y: 1}
  m_AnchoredPosition: {x: 514.9375, y: -223.0344}
  m_SizeDelta: {x: 1030, y: 402}
  m_Pivot: {x: 0.5, y: 0.5}
--- !u!114 &848727669
MonoBehaviour:
  m_ObjectHideFlags: 0
  m_CorrespondingSourceObject: {fileID: 0}
  m_PrefabInstance: {fileID: 0}
  m_PrefabAsset: {fileID: 0}
  m_GameObject: {fileID: 848727667}
  m_Enabled: 1
  m_EditorHideFlags: 0
  m_Script: {fileID: 11500000, guid: fe87c0e1cc204ed48ad3b37840f39efc, type: 3}
  m_Name: 
  m_EditorClassIdentifier: 
  m_Material: {fileID: 0}
  m_Color: {r: 0.21960786, g: 0.21960786, b: 0.21960786, a: 0}
  m_RaycastTarget: 1
  m_RaycastPadding: {x: 0, y: 0, z: 0, w: 0}
  m_Maskable: 1
  m_OnCullStateChanged:
    m_PersistentCalls:
      m_Calls: []
  m_Sprite: {fileID: 10907, guid: 0000000000000000f000000000000000, type: 0}
  m_Type: 1
  m_PreserveAspect: 0
  m_FillCenter: 1
  m_FillMethod: 4
  m_FillAmount: 1
  m_FillClockwise: 1
  m_FillOrigin: 0
  m_UseSpriteMesh: 0
  m_PixelsPerUnitMultiplier: 1
--- !u!222 &848727670
CanvasRenderer:
  m_ObjectHideFlags: 0
  m_CorrespondingSourceObject: {fileID: 0}
  m_PrefabInstance: {fileID: 0}
  m_PrefabAsset: {fileID: 0}
  m_GameObject: {fileID: 848727667}
  m_CullTransparentMesh: 1
--- !u!1001 &865176446
PrefabInstance:
  m_ObjectHideFlags: 0
  serializedVersion: 2
  m_Modification:
    m_TransformParent: {fileID: 1489301805}
    m_Modifications:
    - target: {fileID: 700669094193436930, guid: 7be9de62d0eaaac4aaf6dc8fbaad9ada,
        type: 3}
      propertyPath: m_RootOrder
      value: 1
      objectReference: {fileID: 0}
    - target: {fileID: 700669094193436930, guid: 7be9de62d0eaaac4aaf6dc8fbaad9ada,
        type: 3}
      propertyPath: m_LocalScale.x
      value: 5.3830953
      objectReference: {fileID: 0}
    - target: {fileID: 700669094193436930, guid: 7be9de62d0eaaac4aaf6dc8fbaad9ada,
        type: 3}
      propertyPath: m_LocalScale.y
      value: 0.13889188
      objectReference: {fileID: 0}
    - target: {fileID: 700669094193436930, guid: 7be9de62d0eaaac4aaf6dc8fbaad9ada,
        type: 3}
      propertyPath: m_LocalScale.z
      value: 3.7830513
      objectReference: {fileID: 0}
    - target: {fileID: 700669094193436930, guid: 7be9de62d0eaaac4aaf6dc8fbaad9ada,
        type: 3}
      propertyPath: m_LocalPosition.x
      value: 13.85
      objectReference: {fileID: 0}
    - target: {fileID: 700669094193436930, guid: 7be9de62d0eaaac4aaf6dc8fbaad9ada,
        type: 3}
      propertyPath: m_LocalPosition.y
      value: 2.2111428
      objectReference: {fileID: 0}
    - target: {fileID: 700669094193436930, guid: 7be9de62d0eaaac4aaf6dc8fbaad9ada,
        type: 3}
      propertyPath: m_LocalPosition.z
      value: 16.7
      objectReference: {fileID: 0}
    - target: {fileID: 700669094193436930, guid: 7be9de62d0eaaac4aaf6dc8fbaad9ada,
        type: 3}
      propertyPath: m_LocalRotation.w
      value: 1
      objectReference: {fileID: 0}
    - target: {fileID: 700669094193436930, guid: 7be9de62d0eaaac4aaf6dc8fbaad9ada,
        type: 3}
      propertyPath: m_LocalRotation.x
      value: -0
      objectReference: {fileID: 0}
    - target: {fileID: 700669094193436930, guid: 7be9de62d0eaaac4aaf6dc8fbaad9ada,
        type: 3}
      propertyPath: m_LocalRotation.y
      value: -0
      objectReference: {fileID: 0}
    - target: {fileID: 700669094193436930, guid: 7be9de62d0eaaac4aaf6dc8fbaad9ada,
        type: 3}
      propertyPath: m_LocalRotation.z
      value: -0
      objectReference: {fileID: 0}
    - target: {fileID: 700669094193436930, guid: 7be9de62d0eaaac4aaf6dc8fbaad9ada,
        type: 3}
      propertyPath: m_LocalEulerAnglesHint.x
      value: 0
      objectReference: {fileID: 0}
    - target: {fileID: 700669094193436930, guid: 7be9de62d0eaaac4aaf6dc8fbaad9ada,
        type: 3}
      propertyPath: m_LocalEulerAnglesHint.y
      value: 0
      objectReference: {fileID: 0}
    - target: {fileID: 700669094193436930, guid: 7be9de62d0eaaac4aaf6dc8fbaad9ada,
        type: 3}
      propertyPath: m_LocalEulerAnglesHint.z
      value: 0
      objectReference: {fileID: 0}
    - target: {fileID: 1186664194277121215, guid: 7be9de62d0eaaac4aaf6dc8fbaad9ada,
        type: 3}
      propertyPath: m_Name
      value: Piso (1)
      objectReference: {fileID: 0}
    m_RemovedComponents: []
  m_SourcePrefab: {fileID: 100100000, guid: 7be9de62d0eaaac4aaf6dc8fbaad9ada, type: 3}
--- !u!4 &865176447 stripped
Transform:
  m_CorrespondingSourceObject: {fileID: 700669094193436930, guid: 7be9de62d0eaaac4aaf6dc8fbaad9ada,
    type: 3}
  m_PrefabInstance: {fileID: 865176446}
  m_PrefabAsset: {fileID: 0}
--- !u!1001 &946987342
PrefabInstance:
  m_ObjectHideFlags: 0
  serializedVersion: 2
  m_Modification:
    m_TransformParent: {fileID: 1489301805}
    m_Modifications:
    - target: {fileID: 700669094193436930, guid: 7be9de62d0eaaac4aaf6dc8fbaad9ada,
        type: 3}
      propertyPath: m_RootOrder
      value: 2
      objectReference: {fileID: 0}
    - target: {fileID: 700669094193436930, guid: 7be9de62d0eaaac4aaf6dc8fbaad9ada,
        type: 3}
      propertyPath: m_LocalPosition.x
      value: 11.66
      objectReference: {fileID: 0}
    - target: {fileID: 700669094193436930, guid: 7be9de62d0eaaac4aaf6dc8fbaad9ada,
        type: 3}
      propertyPath: m_LocalPosition.y
      value: 2.2111428
      objectReference: {fileID: 0}
    - target: {fileID: 700669094193436930, guid: 7be9de62d0eaaac4aaf6dc8fbaad9ada,
        type: 3}
      propertyPath: m_LocalPosition.z
      value: 7.07
      objectReference: {fileID: 0}
    - target: {fileID: 700669094193436930, guid: 7be9de62d0eaaac4aaf6dc8fbaad9ada,
        type: 3}
      propertyPath: m_LocalRotation.w
      value: 1
      objectReference: {fileID: 0}
    - target: {fileID: 700669094193436930, guid: 7be9de62d0eaaac4aaf6dc8fbaad9ada,
        type: 3}
      propertyPath: m_LocalRotation.x
      value: -0
      objectReference: {fileID: 0}
    - target: {fileID: 700669094193436930, guid: 7be9de62d0eaaac4aaf6dc8fbaad9ada,
        type: 3}
      propertyPath: m_LocalRotation.y
      value: -0
      objectReference: {fileID: 0}
    - target: {fileID: 700669094193436930, guid: 7be9de62d0eaaac4aaf6dc8fbaad9ada,
        type: 3}
      propertyPath: m_LocalRotation.z
      value: -0
      objectReference: {fileID: 0}
    - target: {fileID: 700669094193436930, guid: 7be9de62d0eaaac4aaf6dc8fbaad9ada,
        type: 3}
      propertyPath: m_LocalEulerAnglesHint.x
      value: 0
      objectReference: {fileID: 0}
    - target: {fileID: 700669094193436930, guid: 7be9de62d0eaaac4aaf6dc8fbaad9ada,
        type: 3}
      propertyPath: m_LocalEulerAnglesHint.y
      value: 0
      objectReference: {fileID: 0}
    - target: {fileID: 700669094193436930, guid: 7be9de62d0eaaac4aaf6dc8fbaad9ada,
        type: 3}
      propertyPath: m_LocalEulerAnglesHint.z
      value: 0
      objectReference: {fileID: 0}
    - target: {fileID: 1186664194277121215, guid: 7be9de62d0eaaac4aaf6dc8fbaad9ada,
        type: 3}
      propertyPath: m_Name
      value: Piso (2)
      objectReference: {fileID: 0}
    - target: {fileID: 8880679354737926718, guid: 7be9de62d0eaaac4aaf6dc8fbaad9ada,
        type: 3}
      propertyPath: m_Materials.Array.data[0]
      value: 
      objectReference: {fileID: 2100000, guid: 6b5c6022b7c1aca4dac04428d4ef20b4, type: 2}
    m_RemovedComponents: []
  m_SourcePrefab: {fileID: 100100000, guid: 7be9de62d0eaaac4aaf6dc8fbaad9ada, type: 3}
--- !u!4 &946987343 stripped
Transform:
  m_CorrespondingSourceObject: {fileID: 700669094193436930, guid: 7be9de62d0eaaac4aaf6dc8fbaad9ada,
    type: 3}
  m_PrefabInstance: {fileID: 946987342}
  m_PrefabAsset: {fileID: 0}
--- !u!1001 &1035955004
PrefabInstance:
  m_ObjectHideFlags: 0
  serializedVersion: 2
  m_Modification:
    m_TransformParent: {fileID: 1489301805}
    m_Modifications:
    - target: {fileID: 700669094193436930, guid: 7be9de62d0eaaac4aaf6dc8fbaad9ada,
        type: 3}
      propertyPath: m_RootOrder
      value: 9
      objectReference: {fileID: 0}
    - target: {fileID: 700669094193436930, guid: 7be9de62d0eaaac4aaf6dc8fbaad9ada,
        type: 3}
      propertyPath: m_LocalScale.x
      value: 18.726976
      objectReference: {fileID: 0}
    - target: {fileID: 700669094193436930, guid: 7be9de62d0eaaac4aaf6dc8fbaad9ada,
        type: 3}
      propertyPath: m_LocalScale.y
      value: 0.65461576
      objectReference: {fileID: 0}
    - target: {fileID: 700669094193436930, guid: 7be9de62d0eaaac4aaf6dc8fbaad9ada,
        type: 3}
      propertyPath: m_LocalScale.z
      value: 20.044508
      objectReference: {fileID: 0}
    - target: {fileID: 700669094193436930, guid: 7be9de62d0eaaac4aaf6dc8fbaad9ada,
        type: 3}
      propertyPath: m_LocalPosition.x
      value: 12.331546
      objectReference: {fileID: 0}
    - target: {fileID: 700669094193436930, guid: 7be9de62d0eaaac4aaf6dc8fbaad9ada,
        type: 3}
      propertyPath: m_LocalPosition.y
      value: 3.56
      objectReference: {fileID: 0}
    - target: {fileID: 700669094193436930, guid: 7be9de62d0eaaac4aaf6dc8fbaad9ada,
        type: 3}
      propertyPath: m_LocalPosition.z
      value: 136.8
      objectReference: {fileID: 0}
    - target: {fileID: 700669094193436930, guid: 7be9de62d0eaaac4aaf6dc8fbaad9ada,
        type: 3}
      propertyPath: m_LocalRotation.w
      value: 1
      objectReference: {fileID: 0}
    - target: {fileID: 700669094193436930, guid: 7be9de62d0eaaac4aaf6dc8fbaad9ada,
        type: 3}
      propertyPath: m_LocalRotation.x
      value: -0
      objectReference: {fileID: 0}
    - target: {fileID: 700669094193436930, guid: 7be9de62d0eaaac4aaf6dc8fbaad9ada,
        type: 3}
      propertyPath: m_LocalRotation.y
      value: -0
      objectReference: {fileID: 0}
    - target: {fileID: 700669094193436930, guid: 7be9de62d0eaaac4aaf6dc8fbaad9ada,
        type: 3}
      propertyPath: m_LocalRotation.z
      value: -0
      objectReference: {fileID: 0}
    - target: {fileID: 700669094193436930, guid: 7be9de62d0eaaac4aaf6dc8fbaad9ada,
        type: 3}
      propertyPath: m_LocalEulerAnglesHint.x
      value: 0
      objectReference: {fileID: 0}
    - target: {fileID: 700669094193436930, guid: 7be9de62d0eaaac4aaf6dc8fbaad9ada,
        type: 3}
      propertyPath: m_LocalEulerAnglesHint.y
      value: 0
      objectReference: {fileID: 0}
    - target: {fileID: 700669094193436930, guid: 7be9de62d0eaaac4aaf6dc8fbaad9ada,
        type: 3}
      propertyPath: m_LocalEulerAnglesHint.z
      value: 0
      objectReference: {fileID: 0}
    - target: {fileID: 1186664194277121215, guid: 7be9de62d0eaaac4aaf6dc8fbaad9ada,
        type: 3}
      propertyPath: m_Name
      value: Piso (9)
      objectReference: {fileID: 0}
    - target: {fileID: 8880679354737926718, guid: 7be9de62d0eaaac4aaf6dc8fbaad9ada,
        type: 3}
      propertyPath: m_Materials.Array.data[0]
      value: 
      objectReference: {fileID: 2100000, guid: 6b5c6022b7c1aca4dac04428d4ef20b4, type: 2}
    m_RemovedComponents: []
  m_SourcePrefab: {fileID: 100100000, guid: 7be9de62d0eaaac4aaf6dc8fbaad9ada, type: 3}
--- !u!1001 &1150927099
PrefabInstance:
  m_ObjectHideFlags: 0
  serializedVersion: 2
  m_Modification:
    m_TransformParent: {fileID: 1489301805}
    m_Modifications:
    - target: {fileID: 700669094193436930, guid: 7be9de62d0eaaac4aaf6dc8fbaad9ada,
        type: 3}
      propertyPath: m_RootOrder
      value: 3
      objectReference: {fileID: 0}
    - target: {fileID: 700669094193436930, guid: 7be9de62d0eaaac4aaf6dc8fbaad9ada,
        type: 3}
      propertyPath: m_LocalScale.x
      value: 6.476039
      objectReference: {fileID: 0}
    - target: {fileID: 700669094193436930, guid: 7be9de62d0eaaac4aaf6dc8fbaad9ada,
        type: 3}
      propertyPath: m_LocalScale.y
      value: 0.11756258
      objectReference: {fileID: 0}
    - target: {fileID: 700669094193436930, guid: 7be9de62d0eaaac4aaf6dc8fbaad9ada,
        type: 3}
      propertyPath: m_LocalScale.z
      value: 8.052382
      objectReference: {fileID: 0}
    - target: {fileID: 700669094193436930, guid: 7be9de62d0eaaac4aaf6dc8fbaad9ada,
        type: 3}
      propertyPath: m_LocalPosition.x
      value: 12.81
      objectReference: {fileID: 0}
    - target: {fileID: 700669094193436930, guid: 7be9de62d0eaaac4aaf6dc8fbaad9ada,
        type: 3}
      propertyPath: m_LocalPosition.y
      value: 2.2111428
      objectReference: {fileID: 0}
    - target: {fileID: 700669094193436930, guid: 7be9de62d0eaaac4aaf6dc8fbaad9ada,
        type: 3}
      propertyPath: m_LocalPosition.z
      value: 29.94
      objectReference: {fileID: 0}
    - target: {fileID: 700669094193436930, guid: 7be9de62d0eaaac4aaf6dc8fbaad9ada,
        type: 3}
      propertyPath: m_LocalRotation.w
      value: 1
      objectReference: {fileID: 0}
    - target: {fileID: 700669094193436930, guid: 7be9de62d0eaaac4aaf6dc8fbaad9ada,
        type: 3}
      propertyPath: m_LocalRotation.x
      value: -0
      objectReference: {fileID: 0}
    - target: {fileID: 700669094193436930, guid: 7be9de62d0eaaac4aaf6dc8fbaad9ada,
        type: 3}
      propertyPath: m_LocalRotation.y
      value: -0
      objectReference: {fileID: 0}
    - target: {fileID: 700669094193436930, guid: 7be9de62d0eaaac4aaf6dc8fbaad9ada,
        type: 3}
      propertyPath: m_LocalRotation.z
      value: -0
      objectReference: {fileID: 0}
    - target: {fileID: 700669094193436930, guid: 7be9de62d0eaaac4aaf6dc8fbaad9ada,
        type: 3}
      propertyPath: m_LocalEulerAnglesHint.x
      value: 0
      objectReference: {fileID: 0}
    - target: {fileID: 700669094193436930, guid: 7be9de62d0eaaac4aaf6dc8fbaad9ada,
        type: 3}
      propertyPath: m_LocalEulerAnglesHint.y
      value: 0
      objectReference: {fileID: 0}
    - target: {fileID: 700669094193436930, guid: 7be9de62d0eaaac4aaf6dc8fbaad9ada,
        type: 3}
      propertyPath: m_LocalEulerAnglesHint.z
      value: 0
      objectReference: {fileID: 0}
    - target: {fileID: 1186664194277121215, guid: 7be9de62d0eaaac4aaf6dc8fbaad9ada,
        type: 3}
      propertyPath: m_Name
      value: Piso (3)
      objectReference: {fileID: 0}
    - target: {fileID: 8880679354737926718, guid: 7be9de62d0eaaac4aaf6dc8fbaad9ada,
        type: 3}
      propertyPath: m_Materials.Array.data[0]
      value: 
      objectReference: {fileID: 2100000, guid: 6b5c6022b7c1aca4dac04428d4ef20b4, type: 2}
    m_RemovedComponents: []
  m_SourcePrefab: {fileID: 100100000, guid: 7be9de62d0eaaac4aaf6dc8fbaad9ada, type: 3}
--- !u!4 &1150927100 stripped
Transform:
  m_CorrespondingSourceObject: {fileID: 700669094193436930, guid: 7be9de62d0eaaac4aaf6dc8fbaad9ada,
    type: 3}
  m_PrefabInstance: {fileID: 1150927099}
  m_PrefabAsset: {fileID: 0}
--- !u!1001 &1213335791
PrefabInstance:
  m_ObjectHideFlags: 0
  serializedVersion: 2
  m_Modification:
    m_TransformParent: {fileID: 545808970}
    m_Modifications:
    - target: {fileID: 7428434011003673305, guid: 167adaeae5ef48748a24b8d5493a6494,
        type: 3}
      propertyPath: m_Name
      value: GeneradorDeBolas (1)
      objectReference: {fileID: 0}
    - target: {fileID: 7428434011003673307, guid: 167adaeae5ef48748a24b8d5493a6494,
        type: 3}
      propertyPath: m_RootOrder
      value: 1
      objectReference: {fileID: 0}
    - target: {fileID: 7428434011003673307, guid: 167adaeae5ef48748a24b8d5493a6494,
        type: 3}
      propertyPath: m_LocalPosition.x
      value: 0.95876694
      objectReference: {fileID: 0}
    - target: {fileID: 7428434011003673307, guid: 167adaeae5ef48748a24b8d5493a6494,
        type: 3}
      propertyPath: m_LocalPosition.y
      value: 1.6349812
      objectReference: {fileID: 0}
    - target: {fileID: 7428434011003673307, guid: 167adaeae5ef48748a24b8d5493a6494,
        type: 3}
      propertyPath: m_LocalPosition.z
      value: 1.2268906
      objectReference: {fileID: 0}
    - target: {fileID: 7428434011003673307, guid: 167adaeae5ef48748a24b8d5493a6494,
        type: 3}
      propertyPath: m_LocalRotation.w
      value: 1
      objectReference: {fileID: 0}
    - target: {fileID: 7428434011003673307, guid: 167adaeae5ef48748a24b8d5493a6494,
        type: 3}
      propertyPath: m_LocalRotation.x
      value: -0
      objectReference: {fileID: 0}
    - target: {fileID: 7428434011003673307, guid: 167adaeae5ef48748a24b8d5493a6494,
        type: 3}
      propertyPath: m_LocalRotation.y
      value: -0
      objectReference: {fileID: 0}
    - target: {fileID: 7428434011003673307, guid: 167adaeae5ef48748a24b8d5493a6494,
        type: 3}
      propertyPath: m_LocalRotation.z
      value: -0
      objectReference: {fileID: 0}
    - target: {fileID: 7428434011003673307, guid: 167adaeae5ef48748a24b8d5493a6494,
        type: 3}
      propertyPath: m_LocalEulerAnglesHint.x
      value: 0
      objectReference: {fileID: 0}
    - target: {fileID: 7428434011003673307, guid: 167adaeae5ef48748a24b8d5493a6494,
        type: 3}
      propertyPath: m_LocalEulerAnglesHint.y
      value: 0
      objectReference: {fileID: 0}
    - target: {fileID: 7428434011003673307, guid: 167adaeae5ef48748a24b8d5493a6494,
        type: 3}
      propertyPath: m_LocalEulerAnglesHint.z
      value: 0
      objectReference: {fileID: 0}
    m_RemovedComponents: []
  m_SourcePrefab: {fileID: 100100000, guid: 167adaeae5ef48748a24b8d5493a6494, type: 3}
--- !u!1 &1251047177
GameObject:
  m_ObjectHideFlags: 0
  m_CorrespondingSourceObject: {fileID: 0}
  m_PrefabInstance: {fileID: 0}
  m_PrefabAsset: {fileID: 0}
  serializedVersion: 6
  m_Component:
  - component: {fileID: 1251047179}
  - component: {fileID: 1251047178}
  m_Layer: 0
  m_Name: Timer
  m_TagString: Untagged
  m_Icon: {fileID: 0}
  m_NavMeshLayer: 0
  m_StaticEditorFlags: 0
  m_IsActive: 1
--- !u!114 &1251047178
MonoBehaviour:
  m_ObjectHideFlags: 0
  m_CorrespondingSourceObject: {fileID: 0}
  m_PrefabInstance: {fileID: 0}
  m_PrefabAsset: {fileID: 0}
  m_GameObject: {fileID: 1251047177}
  m_Enabled: 1
  m_EditorHideFlags: 0
  m_Script: {fileID: 11500000, guid: a476bee787e82f6439c53bf1d835b265, type: 3}
  m_Name: 
  m_EditorClassIdentifier: 
  timer: 60
  textoTimer: {fileID: 463255817}
--- !u!4 &1251047179
Transform:
  m_ObjectHideFlags: 0
  m_CorrespondingSourceObject: {fileID: 0}
  m_PrefabInstance: {fileID: 0}
  m_PrefabAsset: {fileID: 0}
  m_GameObject: {fileID: 1251047177}
  m_LocalRotation: {x: -0, y: -0, z: -0, w: 1}
  m_LocalPosition: {x: 349599.3, y: 135720.28, z: 424.52768}
  m_LocalScale: {x: 676.8239, y: 676.8239, z: 676.8239}
  m_ConstrainProportionsScale: 0
  m_Children:
  - {fileID: 463255816}
  m_Father: {fileID: 1937673752}
  m_RootOrder: 3
  m_LocalEulerAnglesHint: {x: 0, y: 0, z: 0}
--- !u!1001 &1293750390
PrefabInstance:
  m_ObjectHideFlags: 0
  serializedVersion: 2
  m_Modification:
    m_TransformParent: {fileID: 1489301805}
    m_Modifications:
    - target: {fileID: 700669094193436930, guid: 7be9de62d0eaaac4aaf6dc8fbaad9ada,
        type: 3}
      propertyPath: m_RootOrder
      value: 6
      objectReference: {fileID: 0}
    - target: {fileID: 700669094193436930, guid: 7be9de62d0eaaac4aaf6dc8fbaad9ada,
        type: 3}
      propertyPath: m_LocalPosition.x
      value: 12.331546
      objectReference: {fileID: 0}
    - target: {fileID: 700669094193436930, guid: 7be9de62d0eaaac4aaf6dc8fbaad9ada,
        type: 3}
      propertyPath: m_LocalPosition.y
      value: -0.84
      objectReference: {fileID: 0}
    - target: {fileID: 700669094193436930, guid: 7be9de62d0eaaac4aaf6dc8fbaad9ada,
        type: 3}
      propertyPath: m_LocalPosition.z
      value: 86.45
      objectReference: {fileID: 0}
    - target: {fileID: 700669094193436930, guid: 7be9de62d0eaaac4aaf6dc8fbaad9ada,
        type: 3}
      propertyPath: m_LocalRotation.w
      value: 1
      objectReference: {fileID: 0}
    - target: {fileID: 700669094193436930, guid: 7be9de62d0eaaac4aaf6dc8fbaad9ada,
        type: 3}
      propertyPath: m_LocalRotation.x
      value: -0
      objectReference: {fileID: 0}
    - target: {fileID: 700669094193436930, guid: 7be9de62d0eaaac4aaf6dc8fbaad9ada,
        type: 3}
      propertyPath: m_LocalRotation.y
      value: -0
      objectReference: {fileID: 0}
    - target: {fileID: 700669094193436930, guid: 7be9de62d0eaaac4aaf6dc8fbaad9ada,
        type: 3}
      propertyPath: m_LocalRotation.z
      value: -0
      objectReference: {fileID: 0}
    - target: {fileID: 700669094193436930, guid: 7be9de62d0eaaac4aaf6dc8fbaad9ada,
        type: 3}
      propertyPath: m_LocalEulerAnglesHint.x
      value: 0
      objectReference: {fileID: 0}
    - target: {fileID: 700669094193436930, guid: 7be9de62d0eaaac4aaf6dc8fbaad9ada,
        type: 3}
      propertyPath: m_LocalEulerAnglesHint.y
      value: 0
      objectReference: {fileID: 0}
    - target: {fileID: 700669094193436930, guid: 7be9de62d0eaaac4aaf6dc8fbaad9ada,
        type: 3}
      propertyPath: m_LocalEulerAnglesHint.z
      value: 0
      objectReference: {fileID: 0}
    - target: {fileID: 1186664194277121215, guid: 7be9de62d0eaaac4aaf6dc8fbaad9ada,
        type: 3}
      propertyPath: m_Name
      value: Piso (6)
      objectReference: {fileID: 0}
    - target: {fileID: 8880679354737926718, guid: 7be9de62d0eaaac4aaf6dc8fbaad9ada,
        type: 3}
      propertyPath: m_Materials.Array.data[0]
      value: 
      objectReference: {fileID: 2100000, guid: c218e08a7eb249848aca4a2c02deee8b, type: 2}
    m_RemovedComponents: []
  m_SourcePrefab: {fileID: 100100000, guid: 7be9de62d0eaaac4aaf6dc8fbaad9ada, type: 3}
--- !u!1001 &1299936976
PrefabInstance:
  m_ObjectHideFlags: 0
  serializedVersion: 2
  m_Modification:
    m_TransformParent: {fileID: 1489301805}
    m_Modifications:
    - target: {fileID: 700669094193436930, guid: 7be9de62d0eaaac4aaf6dc8fbaad9ada,
        type: 3}
      propertyPath: m_RootOrder
      value: 5
      objectReference: {fileID: 0}
    - target: {fileID: 700669094193436930, guid: 7be9de62d0eaaac4aaf6dc8fbaad9ada,
        type: 3}
      propertyPath: m_LocalScale.x
      value: 9.919121
      objectReference: {fileID: 0}
    - target: {fileID: 700669094193436930, guid: 7be9de62d0eaaac4aaf6dc8fbaad9ada,
        type: 3}
      propertyPath: m_LocalScale.y
      value: 0.3402668
      objectReference: {fileID: 0}
    - target: {fileID: 700669094193436930, guid: 7be9de62d0eaaac4aaf6dc8fbaad9ada,
        type: 3}
      propertyPath: m_LocalScale.z
      value: 35.15649
      objectReference: {fileID: 0}
    - target: {fileID: 700669094193436930, guid: 7be9de62d0eaaac4aaf6dc8fbaad9ada,
        type: 3}
      propertyPath: m_LocalPosition.x
      value: 10.4094
      objectReference: {fileID: 0}
    - target: {fileID: 700669094193436930, guid: 7be9de62d0eaaac4aaf6dc8fbaad9ada,
        type: 3}
      propertyPath: m_LocalPosition.y
      value: -1.2878
      objectReference: {fileID: 0}
    - target: {fileID: 700669094193436930, guid: 7be9de62d0eaaac4aaf6dc8fbaad9ada,
        type: 3}
      propertyPath: m_LocalPosition.z
      value: 65.19
      objectReference: {fileID: 0}
    - target: {fileID: 700669094193436930, guid: 7be9de62d0eaaac4aaf6dc8fbaad9ada,
        type: 3}
      propertyPath: m_LocalRotation.w
      value: 0.9901821
      objectReference: {fileID: 0}
    - target: {fileID: 700669094193436930, guid: 7be9de62d0eaaac4aaf6dc8fbaad9ada,
        type: 3}
      propertyPath: m_LocalRotation.x
      value: -0
      objectReference: {fileID: 0}
    - target: {fileID: 700669094193436930, guid: 7be9de62d0eaaac4aaf6dc8fbaad9ada,
        type: 3}
      propertyPath: m_LocalRotation.y
      value: -0
      objectReference: {fileID: 0}
    - target: {fileID: 700669094193436930, guid: 7be9de62d0eaaac4aaf6dc8fbaad9ada,
        type: 3}
      propertyPath: m_LocalRotation.z
      value: -0.1397833
      objectReference: {fileID: 0}
    - target: {fileID: 700669094193436930, guid: 7be9de62d0eaaac4aaf6dc8fbaad9ada,
        type: 3}
      propertyPath: m_LocalEulerAnglesHint.x
      value: 0
      objectReference: {fileID: 0}
    - target: {fileID: 700669094193436930, guid: 7be9de62d0eaaac4aaf6dc8fbaad9ada,
        type: 3}
      propertyPath: m_LocalEulerAnglesHint.y
      value: 0
      objectReference: {fileID: 0}
    - target: {fileID: 700669094193436930, guid: 7be9de62d0eaaac4aaf6dc8fbaad9ada,
        type: 3}
      propertyPath: m_LocalEulerAnglesHint.z
      value: -16.071
      objectReference: {fileID: 0}
    - target: {fileID: 1186664194277121215, guid: 7be9de62d0eaaac4aaf6dc8fbaad9ada,
        type: 3}
      propertyPath: m_Name
      value: Piso (5)
      objectReference: {fileID: 0}
    - target: {fileID: 8880679354737926718, guid: 7be9de62d0eaaac4aaf6dc8fbaad9ada,
        type: 3}
      propertyPath: m_Materials.Array.data[0]
      value: 
      objectReference: {fileID: 2100000, guid: 6b5c6022b7c1aca4dac04428d4ef20b4, type: 2}
    m_RemovedComponents: []
  m_SourcePrefab: {fileID: 100100000, guid: 7be9de62d0eaaac4aaf6dc8fbaad9ada, type: 3}
--- !u!1001 &1389391253
PrefabInstance:
  m_ObjectHideFlags: 0
  serializedVersion: 2
  m_Modification:
    m_TransformParent: {fileID: 1489301805}
    m_Modifications:
    - target: {fileID: 700669094193436930, guid: 7be9de62d0eaaac4aaf6dc8fbaad9ada,
        type: 3}
      propertyPath: m_RootOrder
      value: 0
      objectReference: {fileID: 0}
    - target: {fileID: 700669094193436930, guid: 7be9de62d0eaaac4aaf6dc8fbaad9ada,
        type: 3}
      propertyPath: m_LocalPosition.x
      value: 12.331546
      objectReference: {fileID: 0}
    - target: {fileID: 700669094193436930, guid: 7be9de62d0eaaac4aaf6dc8fbaad9ada,
        type: 3}
      propertyPath: m_LocalPosition.y
      value: 2.2111428
      objectReference: {fileID: 0}
    - target: {fileID: 700669094193436930, guid: 7be9de62d0eaaac4aaf6dc8fbaad9ada,
        type: 3}
      propertyPath: m_LocalPosition.z
      value: -1.2323456
      objectReference: {fileID: 0}
    - target: {fileID: 700669094193436930, guid: 7be9de62d0eaaac4aaf6dc8fbaad9ada,
        type: 3}
      propertyPath: m_LocalRotation.w
      value: 1
      objectReference: {fileID: 0}
    - target: {fileID: 700669094193436930, guid: 7be9de62d0eaaac4aaf6dc8fbaad9ada,
        type: 3}
      propertyPath: m_LocalRotation.x
      value: -0
      objectReference: {fileID: 0}
    - target: {fileID: 700669094193436930, guid: 7be9de62d0eaaac4aaf6dc8fbaad9ada,
        type: 3}
      propertyPath: m_LocalRotation.y
      value: -0
      objectReference: {fileID: 0}
    - target: {fileID: 700669094193436930, guid: 7be9de62d0eaaac4aaf6dc8fbaad9ada,
        type: 3}
      propertyPath: m_LocalRotation.z
      value: -0
      objectReference: {fileID: 0}
    - target: {fileID: 700669094193436930, guid: 7be9de62d0eaaac4aaf6dc8fbaad9ada,
        type: 3}
      propertyPath: m_LocalEulerAnglesHint.x
      value: 0
      objectReference: {fileID: 0}
    - target: {fileID: 700669094193436930, guid: 7be9de62d0eaaac4aaf6dc8fbaad9ada,
        type: 3}
      propertyPath: m_LocalEulerAnglesHint.y
      value: 0
      objectReference: {fileID: 0}
    - target: {fileID: 700669094193436930, guid: 7be9de62d0eaaac4aaf6dc8fbaad9ada,
        type: 3}
      propertyPath: m_LocalEulerAnglesHint.z
      value: 0
      objectReference: {fileID: 0}
    - target: {fileID: 1186664194277121215, guid: 7be9de62d0eaaac4aaf6dc8fbaad9ada,
        type: 3}
      propertyPath: m_Name
      value: Piso
      objectReference: {fileID: 0}
    m_RemovedComponents: []
  m_SourcePrefab: {fileID: 100100000, guid: 7be9de62d0eaaac4aaf6dc8fbaad9ada, type: 3}
--- !u!4 &1389391254 stripped
Transform:
  m_CorrespondingSourceObject: {fileID: 700669094193436930, guid: 7be9de62d0eaaac4aaf6dc8fbaad9ada,
    type: 3}
  m_PrefabInstance: {fileID: 1389391253}
  m_PrefabAsset: {fileID: 0}
--- !u!1 &1489301804
GameObject:
  m_ObjectHideFlags: 0
  m_CorrespondingSourceObject: {fileID: 0}
  m_PrefabInstance: {fileID: 0}
  m_PrefabAsset: {fileID: 0}
  serializedVersion: 6
  m_Component:
  - component: {fileID: 1489301805}
  m_Layer: 0
  m_Name: Plataformas
  m_TagString: Piso
  m_Icon: {fileID: 0}
  m_NavMeshLayer: 0
  m_StaticEditorFlags: 0
  m_IsActive: 1
--- !u!4 &1489301805
Transform:
  m_ObjectHideFlags: 0
  m_CorrespondingSourceObject: {fileID: 0}
  m_PrefabInstance: {fileID: 0}
  m_PrefabAsset: {fileID: 0}
  m_GameObject: {fileID: 1489301804}
  m_LocalRotation: {x: -0, y: -0, z: -0, w: 1}
  m_LocalPosition: {x: -12.331546, y: -2.2111428, z: 1.2323456}
  m_LocalScale: {x: 1, y: 1, z: 1}
  m_ConstrainProportionsScale: 0
  m_Children:
  - {fileID: 1389391254}
  - {fileID: 865176447}
  - {fileID: 946987343}
  - {fileID: 1150927100}
  - {fileID: 72186765}
  - {fileID: 1548992214}
  - {fileID: 20185452}
  - {fileID: 1994671785}
  - {fileID: 231310364}
  - {fileID: 456627454}
  m_Father: {fileID: 0}
  m_RootOrder: 3
  m_LocalEulerAnglesHint: {x: 0, y: 0, z: 0}
--- !u!4 &1548992214 stripped
Transform:
  m_CorrespondingSourceObject: {fileID: 700669094193436930, guid: 7be9de62d0eaaac4aaf6dc8fbaad9ada,
    type: 3}
  m_PrefabInstance: {fileID: 1299936976}
  m_PrefabAsset: {fileID: 0}
--- !u!1001 &1640228772
PrefabInstance:
  m_ObjectHideFlags: 0
  serializedVersion: 2
  m_Modification:
    m_TransformParent: {fileID: 1489301805}
    m_Modifications:
    - target: {fileID: 700669094193436930, guid: 7be9de62d0eaaac4aaf6dc8fbaad9ada,
        type: 3}
      propertyPath: m_RootOrder
      value: 7
      objectReference: {fileID: 0}
    - target: {fileID: 700669094193436930, guid: 7be9de62d0eaaac4aaf6dc8fbaad9ada,
        type: 3}
      propertyPath: m_LocalPosition.x
      value: 12.331546
      objectReference: {fileID: 0}
    - target: {fileID: 700669094193436930, guid: 7be9de62d0eaaac4aaf6dc8fbaad9ada,
        type: 3}
      propertyPath: m_LocalPosition.y
      value: -4.7
      objectReference: {fileID: 0}
    - target: {fileID: 700669094193436930, guid: 7be9de62d0eaaac4aaf6dc8fbaad9ada,
        type: 3}
      propertyPath: m_LocalPosition.z
      value: 93.82
      objectReference: {fileID: 0}
    - target: {fileID: 700669094193436930, guid: 7be9de62d0eaaac4aaf6dc8fbaad9ada,
        type: 3}
      propertyPath: m_LocalRotation.w
      value: 1
      objectReference: {fileID: 0}
    - target: {fileID: 700669094193436930, guid: 7be9de62d0eaaac4aaf6dc8fbaad9ada,
        type: 3}
      propertyPath: m_LocalRotation.x
      value: -0
      objectReference: {fileID: 0}
    - target: {fileID: 700669094193436930, guid: 7be9de62d0eaaac4aaf6dc8fbaad9ada,
        type: 3}
      propertyPath: m_LocalRotation.y
      value: -0
      objectReference: {fileID: 0}
    - target: {fileID: 700669094193436930, guid: 7be9de62d0eaaac4aaf6dc8fbaad9ada,
        type: 3}
      propertyPath: m_LocalRotation.z
      value: -0
      objectReference: {fileID: 0}
    - target: {fileID: 700669094193436930, guid: 7be9de62d0eaaac4aaf6dc8fbaad9ada,
        type: 3}
      propertyPath: m_LocalEulerAnglesHint.x
      value: 0
      objectReference: {fileID: 0}
    - target: {fileID: 700669094193436930, guid: 7be9de62d0eaaac4aaf6dc8fbaad9ada,
        type: 3}
      propertyPath: m_LocalEulerAnglesHint.y
      value: 0
      objectReference: {fileID: 0}
    - target: {fileID: 700669094193436930, guid: 7be9de62d0eaaac4aaf6dc8fbaad9ada,
        type: 3}
      propertyPath: m_LocalEulerAnglesHint.z
      value: 0
      objectReference: {fileID: 0}
    - target: {fileID: 1186664194277121215, guid: 7be9de62d0eaaac4aaf6dc8fbaad9ada,
        type: 3}
      propertyPath: m_Name
      value: Piso (7)
      objectReference: {fileID: 0}
    - target: {fileID: 8880679354737926718, guid: 7be9de62d0eaaac4aaf6dc8fbaad9ada,
        type: 3}
      propertyPath: m_Materials.Array.data[0]
      value: 
      objectReference: {fileID: 2100000, guid: 6b5c6022b7c1aca4dac04428d4ef20b4, type: 2}
    m_RemovedComponents: []
  m_SourcePrefab: {fileID: 100100000, guid: 7be9de62d0eaaac4aaf6dc8fbaad9ada, type: 3}
--- !u!1001 &1643156816
PrefabInstance:
  m_ObjectHideFlags: 0
  serializedVersion: 2
  m_Modification:
    m_TransformParent: {fileID: 0}
    m_Modifications:
    - target: {fileID: -3340657135849332403, guid: 4e9a53d16b198cd4f849651a87b05c18,
        type: 3}
      propertyPath: Jugador
      value: 
      objectReference: {fileID: 1871188208}
    - target: {fileID: -3340657135849332403, guid: 4e9a53d16b198cd4f849651a87b05c18,
        type: 3}
      propertyPath: rapidez
      value: 2
      objectReference: {fileID: 0}
    - target: {fileID: -3340657135849332403, guid: 4e9a53d16b198cd4f849651a87b05c18,
        type: 3}
      propertyPath: JugadorP
      value: 
      objectReference: {fileID: 1871188203}
    - target: {fileID: -3340657135849332403, guid: 4e9a53d16b198cd4f849651a87b05c18,
        type: 3}
      propertyPath: detectionRadius
      value: 15
      objectReference: {fileID: 0}
    - target: {fileID: -3340657135849332403, guid: 4e9a53d16b198cd4f849651a87b05c18,
        type: 3}
      propertyPath: velocidadProyectil
      value: 25
      objectReference: {fileID: 0}
    - target: {fileID: 3775718178317826584, guid: 4e9a53d16b198cd4f849651a87b05c18,
        type: 3}
      propertyPath: m_RootOrder
      value: 5
      objectReference: {fileID: 0}
    - target: {fileID: 3775718178317826584, guid: 4e9a53d16b198cd4f849651a87b05c18,
        type: 3}
      propertyPath: m_LocalPosition.x
      value: -3.6
      objectReference: {fileID: 0}
    - target: {fileID: 3775718178317826584, guid: 4e9a53d16b198cd4f849651a87b05c18,
        type: 3}
      propertyPath: m_LocalPosition.y
      value: 4.8900003
      objectReference: {fileID: 0}
    - target: {fileID: 3775718178317826584, guid: 4e9a53d16b198cd4f849651a87b05c18,
        type: 3}
      propertyPath: m_LocalPosition.z
      value: 115.61
      objectReference: {fileID: 0}
    - target: {fileID: 3775718178317826584, guid: 4e9a53d16b198cd4f849651a87b05c18,
        type: 3}
      propertyPath: m_LocalRotation.w
      value: 1
      objectReference: {fileID: 0}
    - target: {fileID: 3775718178317826584, guid: 4e9a53d16b198cd4f849651a87b05c18,
        type: 3}
      propertyPath: m_LocalRotation.x
      value: 0
      objectReference: {fileID: 0}
    - target: {fileID: 3775718178317826584, guid: 4e9a53d16b198cd4f849651a87b05c18,
        type: 3}
      propertyPath: m_LocalRotation.y
      value: 0
      objectReference: {fileID: 0}
    - target: {fileID: 3775718178317826584, guid: 4e9a53d16b198cd4f849651a87b05c18,
        type: 3}
      propertyPath: m_LocalRotation.z
      value: 0
      objectReference: {fileID: 0}
    - target: {fileID: 3775718178317826584, guid: 4e9a53d16b198cd4f849651a87b05c18,
        type: 3}
      propertyPath: m_LocalEulerAnglesHint.x
      value: 0
      objectReference: {fileID: 0}
    - target: {fileID: 3775718178317826584, guid: 4e9a53d16b198cd4f849651a87b05c18,
        type: 3}
      propertyPath: m_LocalEulerAnglesHint.y
      value: 0
      objectReference: {fileID: 0}
    - target: {fileID: 3775718178317826584, guid: 4e9a53d16b198cd4f849651a87b05c18,
        type: 3}
      propertyPath: m_LocalEulerAnglesHint.z
      value: 0
      objectReference: {fileID: 0}
    - target: {fileID: 6429103797496753859, guid: 4e9a53d16b198cd4f849651a87b05c18,
        type: 3}
      propertyPath: m_AngularDrag
      value: 0.05
      objectReference: {fileID: 0}
    - target: {fileID: 6429103797496753859, guid: 4e9a53d16b198cd4f849651a87b05c18,
        type: 3}
      propertyPath: m_Constraints
      value: 112
      objectReference: {fileID: 0}
    - target: {fileID: 6429103797496753859, guid: 4e9a53d16b198cd4f849651a87b05c18,
        type: 3}
      propertyPath: m_IsKinematic
      value: 0
      objectReference: {fileID: 0}
    - target: {fileID: 6840704003338170206, guid: 4e9a53d16b198cd4f849651a87b05c18,
        type: 3}
      propertyPath: m_Name
      value: Enemigo (1)
      objectReference: {fileID: 0}
    m_RemovedComponents: []
  m_SourcePrefab: {fileID: 100100000, guid: 4e9a53d16b198cd4f849651a87b05c18, type: 3}
--- !u!1 &1661367656
GameObject:
  m_ObjectHideFlags: 0
  m_CorrespondingSourceObject: {fileID: 0}
  m_PrefabInstance: {fileID: 0}
  m_PrefabAsset: {fileID: 0}
  serializedVersion: 6
  m_Component:
  - component: {fileID: 1661367658}
  - component: {fileID: 1661367657}
  m_Layer: 0
  m_Name: Game Manager
  m_TagString: Untagged
  m_Icon: {fileID: 0}
  m_NavMeshLayer: 0
  m_StaticEditorFlags: 0
  m_IsActive: 1
--- !u!114 &1661367657
MonoBehaviour:
  m_ObjectHideFlags: 0
  m_CorrespondingSourceObject: {fileID: 0}
  m_PrefabInstance: {fileID: 0}
  m_PrefabAsset: {fileID: 0}
  m_GameObject: {fileID: 1661367656}
  m_Enabled: 1
  m_EditorHideFlags: 0
  m_Script: {fileID: 11500000, guid: 9c25f069ebb408a40a14d9c8cd27b486, type: 3}
  m_Name: 
  m_EditorClassIdentifier: 
  Jugador: {fileID: 1871188203}
  Enemigo: {fileID: 6840704003338170206, guid: 4e9a53d16b198cd4f849651a87b05c18, type: 3}
--- !u!4 &1661367658
Transform:
  m_ObjectHideFlags: 0
  m_CorrespondingSourceObject: {fileID: 0}
  m_PrefabInstance: {fileID: 0}
  m_PrefabAsset: {fileID: 0}
  m_GameObject: {fileID: 1661367656}
  m_LocalRotation: {x: 0, y: 0, z: 0, w: 1}
  m_LocalPosition: {x: 8.374306, y: -0.434278, z: 30.79993}
  m_LocalScale: {x: 1, y: 1, z: 1}
  m_ConstrainProportionsScale: 0
  m_Children: []
  m_Father: {fileID: 0}
  m_RootOrder: 8
  m_LocalEulerAnglesHint: {x: 0, y: 0, z: 0}
--- !u!1 &1666174532
GameObject:
  m_ObjectHideFlags: 0
  m_CorrespondingSourceObject: {fileID: 0}
  m_PrefabInstance: {fileID: 0}
  m_PrefabAsset: {fileID: 0}
  serializedVersion: 6
  m_Component:
  - component: {fileID: 1666174538}
  - component: {fileID: 1666174537}
  - component: {fileID: 1666174536}
  - component: {fileID: 1666174535}
  - component: {fileID: 1666174534}
  - component: {fileID: 1666174539}
  m_Layer: 0
  m_Name: Obstaculo
  m_TagString: Untagged
  m_Icon: {fileID: 0}
  m_NavMeshLayer: 0
  m_StaticEditorFlags: 0
  m_IsActive: 1
--- !u!54 &1666174534
Rigidbody:
  m_ObjectHideFlags: 0
  m_CorrespondingSourceObject: {fileID: 0}
  m_PrefabInstance: {fileID: 0}
  m_PrefabAsset: {fileID: 0}
  m_GameObject: {fileID: 1666174532}
  serializedVersion: 2
  m_Mass: 1
  m_Drag: 0
  m_AngularDrag: 0.05
  m_UseGravity: 0
  m_IsKinematic: 0
  m_Interpolate: 0
  m_Constraints: 126
  m_CollisionDetection: 0
--- !u!136 &1666174535
CapsuleCollider:
  m_ObjectHideFlags: 0
  m_CorrespondingSourceObject: {fileID: 0}
  m_PrefabInstance: {fileID: 0}
  m_PrefabAsset: {fileID: 0}
  m_GameObject: {fileID: 1666174532}
  m_Material: {fileID: 0}
  m_IsTrigger: 0
  m_Enabled: 1
  m_Radius: 0.5000001
  m_Height: 2
  m_Direction: 1
  m_Center: {x: 0.000000059604645, y: 0, z: -0.00000008940697}
--- !u!23 &1666174536
MeshRenderer:
  m_ObjectHideFlags: 0
  m_CorrespondingSourceObject: {fileID: 0}
  m_PrefabInstance: {fileID: 0}
  m_PrefabAsset: {fileID: 0}
  m_GameObject: {fileID: 1666174532}
  m_Enabled: 1
  m_CastShadows: 1
  m_ReceiveShadows: 1
  m_DynamicOccludee: 1
  m_StaticShadowCaster: 0
  m_MotionVectors: 1
  m_LightProbeUsage: 1
  m_ReflectionProbeUsage: 1
  m_RayTracingMode: 2
  m_RayTraceProcedural: 0
  m_RenderingLayerMask: 1
  m_RendererPriority: 0
  m_Materials:
  - {fileID: 2100000, guid: 8b53f36c1402976429ebe962d3ac53e2, type: 2}
  m_StaticBatchInfo:
    firstSubMesh: 0
    subMeshCount: 0
  m_StaticBatchRoot: {fileID: 0}
  m_ProbeAnchor: {fileID: 0}
  m_LightProbeVolumeOverride: {fileID: 0}
  m_ScaleInLightmap: 1
  m_ReceiveGI: 1
  m_PreserveUVs: 0
  m_IgnoreNormalsForChartDetection: 0
  m_ImportantGI: 0
  m_StitchLightmapSeams: 1
  m_SelectedEditorRenderState: 3
  m_MinimumChartSize: 4
  m_AutoUVMaxDistance: 0.5
  m_AutoUVMaxAngle: 89
  m_LightmapParameters: {fileID: 0}
  m_SortingLayerID: 0
  m_SortingLayer: 0
  m_SortingOrder: 0
  m_AdditionalVertexStreams: {fileID: 0}
--- !u!33 &1666174537
MeshFilter:
  m_ObjectHideFlags: 0
  m_CorrespondingSourceObject: {fileID: 0}
  m_PrefabInstance: {fileID: 0}
  m_PrefabAsset: {fileID: 0}
  m_GameObject: {fileID: 1666174532}
  m_Mesh: {fileID: 10206, guid: 0000000000000000e000000000000000, type: 0}
--- !u!4 &1666174538
Transform:
  m_ObjectHideFlags: 0
  m_CorrespondingSourceObject: {fileID: 0}
  m_PrefabInstance: {fileID: 0}
  m_PrefabAsset: {fileID: 0}
  m_GameObject: {fileID: 1666174532}
  m_LocalRotation: {x: 0.5, y: 0.5, z: 0.5, w: 0.5}
  m_LocalPosition: {x: 0.38, y: 2.33, z: 138.79}
  m_LocalScale: {x: 1, y: 8.122573, z: 1}
  m_ConstrainProportionsScale: 0
  m_Children: []
  m_Father: {fileID: 0}
  m_RootOrder: 9
  m_LocalEulerAnglesHint: {x: 0, y: 90, z: 90}
--- !u!114 &1666174539
MonoBehaviour:
  m_ObjectHideFlags: 0
  m_CorrespondingSourceObject: {fileID: 0}
  m_PrefabInstance: {fileID: 0}
  m_PrefabAsset: {fileID: 0}
  m_GameObject: {fileID: 1666174532}
  m_Enabled: 1
  m_EditorHideFlags: 0
  m_Script: {fileID: 11500000, guid: 82cf9a9e68a455b459b3dd79ef58f39f, type: 3}
  m_Name: 
  m_EditorClassIdentifier: 
  rotationSpeed: 100
  pushForce: 100
--- !u!1001 &1793039827
PrefabInstance:
  m_ObjectHideFlags: 0
  serializedVersion: 2
  m_Modification:
    m_TransformParent: {fileID: 0}
    m_Modifications:
    - target: {fileID: -3340657135849332403, guid: 4e9a53d16b198cd4f849651a87b05c18,
        type: 3}
      propertyPath: Jugador
      value: 
      objectReference: {fileID: 1871188208}
    - target: {fileID: -3340657135849332403, guid: 4e9a53d16b198cd4f849651a87b05c18,
        type: 3}
      propertyPath: rapidez
      value: 2
      objectReference: {fileID: 0}
    - target: {fileID: -3340657135849332403, guid: 4e9a53d16b198cd4f849651a87b05c18,
        type: 3}
      propertyPath: JugadorP
      value: 
      objectReference: {fileID: 1871188203}
    - target: {fileID: -3340657135849332403, guid: 4e9a53d16b198cd4f849651a87b05c18,
        type: 3}
      propertyPath: detectionRadius
      value: 15
      objectReference: {fileID: 0}
    - target: {fileID: -3340657135849332403, guid: 4e9a53d16b198cd4f849651a87b05c18,
        type: 3}
      propertyPath: velocidadProyectil
      value: 25
      objectReference: {fileID: 0}
    - target: {fileID: 3775718178317826584, guid: 4e9a53d16b198cd4f849651a87b05c18,
        type: 3}
      propertyPath: m_RootOrder
      value: 6
      objectReference: {fileID: 0}
    - target: {fileID: 3775718178317826584, guid: 4e9a53d16b198cd4f849651a87b05c18,
        type: 3}
      propertyPath: m_LocalPosition.x
      value: 5.65
      objectReference: {fileID: 0}
    - target: {fileID: 3775718178317826584, guid: 4e9a53d16b198cd4f849651a87b05c18,
        type: 3}
      propertyPath: m_LocalPosition.y
      value: 4.8900003
      objectReference: {fileID: 0}
    - target: {fileID: 3775718178317826584, guid: 4e9a53d16b198cd4f849651a87b05c18,
        type: 3}
      propertyPath: m_LocalPosition.z
      value: 115.61
      objectReference: {fileID: 0}
    - target: {fileID: 3775718178317826584, guid: 4e9a53d16b198cd4f849651a87b05c18,
        type: 3}
      propertyPath: m_LocalRotation.w
      value: 1
      objectReference: {fileID: 0}
    - target: {fileID: 3775718178317826584, guid: 4e9a53d16b198cd4f849651a87b05c18,
        type: 3}
      propertyPath: m_LocalRotation.x
      value: 0
      objectReference: {fileID: 0}
    - target: {fileID: 3775718178317826584, guid: 4e9a53d16b198cd4f849651a87b05c18,
        type: 3}
      propertyPath: m_LocalRotation.y
      value: 0
      objectReference: {fileID: 0}
    - target: {fileID: 3775718178317826584, guid: 4e9a53d16b198cd4f849651a87b05c18,
        type: 3}
      propertyPath: m_LocalRotation.z
      value: 0
      objectReference: {fileID: 0}
    - target: {fileID: 3775718178317826584, guid: 4e9a53d16b198cd4f849651a87b05c18,
        type: 3}
      propertyPath: m_LocalEulerAnglesHint.x
      value: 0
      objectReference: {fileID: 0}
    - target: {fileID: 3775718178317826584, guid: 4e9a53d16b198cd4f849651a87b05c18,
        type: 3}
      propertyPath: m_LocalEulerAnglesHint.y
      value: 0
      objectReference: {fileID: 0}
    - target: {fileID: 3775718178317826584, guid: 4e9a53d16b198cd4f849651a87b05c18,
        type: 3}
      propertyPath: m_LocalEulerAnglesHint.z
      value: 0
      objectReference: {fileID: 0}
    - target: {fileID: 6429103797496753859, guid: 4e9a53d16b198cd4f849651a87b05c18,
        type: 3}
      propertyPath: m_AngularDrag
      value: 0.05
      objectReference: {fileID: 0}
    - target: {fileID: 6429103797496753859, guid: 4e9a53d16b198cd4f849651a87b05c18,
        type: 3}
      propertyPath: m_Constraints
      value: 112
      objectReference: {fileID: 0}
    - target: {fileID: 6429103797496753859, guid: 4e9a53d16b198cd4f849651a87b05c18,
        type: 3}
      propertyPath: m_IsKinematic
      value: 0
      objectReference: {fileID: 0}
    - target: {fileID: 6840704003338170206, guid: 4e9a53d16b198cd4f849651a87b05c18,
        type: 3}
      propertyPath: m_Name
      value: Enemigo (2)
      objectReference: {fileID: 0}
    m_RemovedComponents: []
  m_SourcePrefab: {fileID: 100100000, guid: 4e9a53d16b198cd4f849651a87b05c18, type: 3}
--- !u!1001 &1843685088
PrefabInstance:
  m_ObjectHideFlags: 0
  serializedVersion: 2
  m_Modification:
    m_TransformParent: {fileID: 545808970}
    m_Modifications:
    - target: {fileID: 7428434011003673305, guid: 167adaeae5ef48748a24b8d5493a6494,
        type: 3}
      propertyPath: m_Name
      value: GeneradorDeBolas (2)
      objectReference: {fileID: 0}
    - target: {fileID: 7428434011003673307, guid: 167adaeae5ef48748a24b8d5493a6494,
        type: 3}
      propertyPath: m_RootOrder
      value: 0
      objectReference: {fileID: 0}
    - target: {fileID: 7428434011003673307, guid: 167adaeae5ef48748a24b8d5493a6494,
        type: 3}
      propertyPath: m_LocalPosition.x
      value: 0.95876694
      objectReference: {fileID: 0}
    - target: {fileID: 7428434011003673307, guid: 167adaeae5ef48748a24b8d5493a6494,
        type: 3}
      propertyPath: m_LocalPosition.y
      value: 1.6349812
      objectReference: {fileID: 0}
    - target: {fileID: 7428434011003673307, guid: 167adaeae5ef48748a24b8d5493a6494,
        type: 3}
      propertyPath: m_LocalPosition.z
      value: 10.576889
      objectReference: {fileID: 0}
    - target: {fileID: 7428434011003673307, guid: 167adaeae5ef48748a24b8d5493a6494,
        type: 3}
      propertyPath: m_LocalRotation.w
      value: 1
      objectReference: {fileID: 0}
    - target: {fileID: 7428434011003673307, guid: 167adaeae5ef48748a24b8d5493a6494,
        type: 3}
      propertyPath: m_LocalRotation.x
      value: -0
      objectReference: {fileID: 0}
    - target: {fileID: 7428434011003673307, guid: 167adaeae5ef48748a24b8d5493a6494,
        type: 3}
      propertyPath: m_LocalRotation.y
      value: -0
      objectReference: {fileID: 0}
    - target: {fileID: 7428434011003673307, guid: 167adaeae5ef48748a24b8d5493a6494,
        type: 3}
      propertyPath: m_LocalRotation.z
      value: -0
      objectReference: {fileID: 0}
    - target: {fileID: 7428434011003673307, guid: 167adaeae5ef48748a24b8d5493a6494,
        type: 3}
      propertyPath: m_LocalEulerAnglesHint.x
      value: 0
      objectReference: {fileID: 0}
    - target: {fileID: 7428434011003673307, guid: 167adaeae5ef48748a24b8d5493a6494,
        type: 3}
      propertyPath: m_LocalEulerAnglesHint.y
      value: 0
      objectReference: {fileID: 0}
    - target: {fileID: 7428434011003673307, guid: 167adaeae5ef48748a24b8d5493a6494,
        type: 3}
      propertyPath: m_LocalEulerAnglesHint.z
      value: 0
      objectReference: {fileID: 0}
    m_RemovedComponents: []
  m_SourcePrefab: {fileID: 100100000, guid: 167adaeae5ef48748a24b8d5493a6494, type: 3}
--- !u!1 &1871188203
GameObject:
  m_ObjectHideFlags: 0
  m_CorrespondingSourceObject: {fileID: 0}
  m_PrefabInstance: {fileID: 0}
  m_PrefabAsset: {fileID: 0}
  serializedVersion: 6
  m_Component:
  - component: {fileID: 1871188208}
  - component: {fileID: 1871188207}
  - component: {fileID: 1871188206}
  - component: {fileID: 1871188205}
  - component: {fileID: 1871188204}
  - component: {fileID: 1871188209}
  m_Layer: 0
  m_Name: Jugador
  m_TagString: Jugador
  m_Icon: {fileID: 0}
  m_NavMeshLayer: 0
  m_StaticEditorFlags: 0
  m_IsActive: 1
--- !u!54 &1871188204
Rigidbody:
  m_ObjectHideFlags: 0
  m_CorrespondingSourceObject: {fileID: 0}
  m_PrefabInstance: {fileID: 0}
  m_PrefabAsset: {fileID: 0}
  m_GameObject: {fileID: 1871188203}
  serializedVersion: 2
  m_Mass: 1
  m_Drag: 0
  m_AngularDrag: 0.05
  m_UseGravity: 1
  m_IsKinematic: 0
  m_Interpolate: 0
  m_Constraints: 112
  m_CollisionDetection: 0
--- !u!65 &1871188205
BoxCollider:
  m_ObjectHideFlags: 0
  m_CorrespondingSourceObject: {fileID: 0}
  m_PrefabInstance: {fileID: 0}
  m_PrefabAsset: {fileID: 0}
  m_GameObject: {fileID: 1871188203}
  m_Material: {fileID: 0}
  m_IsTrigger: 0
  m_Enabled: 1
  serializedVersion: 2
  m_Size: {x: 1, y: 1, z: 1}
  m_Center: {x: 0, y: 0, z: 0}
--- !u!23 &1871188206
MeshRenderer:
  m_ObjectHideFlags: 0
  m_CorrespondingSourceObject: {fileID: 0}
  m_PrefabInstance: {fileID: 0}
  m_PrefabAsset: {fileID: 0}
  m_GameObject: {fileID: 1871188203}
  m_Enabled: 0
  m_CastShadows: 1
  m_ReceiveShadows: 1
  m_DynamicOccludee: 1
  m_StaticShadowCaster: 0
  m_MotionVectors: 1
  m_LightProbeUsage: 1
  m_ReflectionProbeUsage: 1
  m_RayTracingMode: 2
  m_RayTraceProcedural: 0
  m_RenderingLayerMask: 1
  m_RendererPriority: 0
  m_Materials:
  - {fileID: 2100000, guid: 8e1fe43516e3d5b478bb2b5bb678da9d, type: 2}
  m_StaticBatchInfo:
    firstSubMesh: 0
    subMeshCount: 0
  m_StaticBatchRoot: {fileID: 0}
  m_ProbeAnchor: {fileID: 0}
  m_LightProbeVolumeOverride: {fileID: 0}
  m_ScaleInLightmap: 1
  m_ReceiveGI: 1
  m_PreserveUVs: 0
  m_IgnoreNormalsForChartDetection: 0
  m_ImportantGI: 0
  m_StitchLightmapSeams: 1
  m_SelectedEditorRenderState: 3
  m_MinimumChartSize: 4
  m_AutoUVMaxDistance: 0.5
  m_AutoUVMaxAngle: 89
  m_LightmapParameters: {fileID: 0}
  m_SortingLayerID: 0
  m_SortingLayer: 0
  m_SortingOrder: 0
  m_AdditionalVertexStreams: {fileID: 0}
--- !u!33 &1871188207
MeshFilter:
  m_ObjectHideFlags: 0
  m_CorrespondingSourceObject: {fileID: 0}
  m_PrefabInstance: {fileID: 0}
  m_PrefabAsset: {fileID: 0}
  m_GameObject: {fileID: 1871188203}
  m_Mesh: {fileID: 10208, guid: 0000000000000000e000000000000000, type: 0}
--- !u!4 &1871188208
Transform:
  m_ObjectHideFlags: 0
  m_CorrespondingSourceObject: {fileID: 0}
  m_PrefabInstance: {fileID: 0}
  m_PrefabAsset: {fileID: 0}
  m_GameObject: {fileID: 1871188203}
  m_LocalRotation: {x: 0, y: 0, z: 0, w: 1}
  m_LocalPosition: {x: -1.11, y: 0.602, z: -0.91}
  m_LocalScale: {x: 0.47851, y: 0.47851, z: 0.47851}
  m_ConstrainProportionsScale: 0
  m_Children:
  - {fileID: 330585546}
  m_Father: {fileID: 0}
  m_RootOrder: 2
  m_LocalEulerAnglesHint: {x: 0, y: 0, z: 0}
--- !u!114 &1871188209
MonoBehaviour:
  m_ObjectHideFlags: 0
  m_CorrespondingSourceObject: {fileID: 0}
  m_PrefabInstance: {fileID: 0}
  m_PrefabAsset: {fileID: 0}
  m_GameObject: {fileID: 1871188203}
  m_Enabled: 1
  m_EditorHideFlags: 0
  m_Script: {fileID: 11500000, guid: aa012712d86d22b4cbfabb03482d0e56, type: 3}
  m_Name: 
  m_EditorClassIdentifier: 
  rapidezDesplazamiento: 5
  jumpForce: 5
  MainCamera: {fileID: 330585545}
  Proyectil: {fileID: 4420867203328712937, guid: f800eef8f80be3946804b6250f50ea49,
    type: 3}
  pushForce: 15
--- !u!4 &1912108182 stripped
Transform:
  m_CorrespondingSourceObject: {fileID: 7428434011003673307, guid: 167adaeae5ef48748a24b8d5493a6494,
    type: 3}
  m_PrefabInstance: {fileID: 7428434012335877709}
  m_PrefabAsset: {fileID: 0}
--- !u!1 &1937673751
GameObject:
  m_ObjectHideFlags: 0
  m_CorrespondingSourceObject: {fileID: 0}
  m_PrefabInstance: {fileID: 0}
  m_PrefabAsset: {fileID: 0}
  serializedVersion: 6
  m_Component:
  - component: {fileID: 1937673752}
  - component: {fileID: 1937673755}
  - component: {fileID: 1937673754}
  - component: {fileID: 1937673753}
  - component: {fileID: 1937673756}
  m_Layer: 5
  m_Name: Interfaz (Canvas)
  m_TagString: Untagged
  m_Icon: {fileID: 0}
  m_NavMeshLayer: 0
  m_StaticEditorFlags: 0
  m_IsActive: 1
--- !u!224 &1937673752
RectTransform:
  m_ObjectHideFlags: 0
  m_CorrespondingSourceObject: {fileID: 0}
  m_PrefabInstance: {fileID: 0}
  m_PrefabAsset: {fileID: 0}
  m_GameObject: {fileID: 1937673751}
  m_LocalRotation: {x: 0, y: 0, z: 0, w: 1}
  m_LocalPosition: {x: 0, y: 0, z: 0}
  m_LocalScale: {x: 0, y: 0, z: 0}
  m_ConstrainProportionsScale: 0
  m_Children:
  - {fileID: 848727668}
  - {fileID: 2022464107}
  - {fileID: 629142373}
  - {fileID: 1251047179}
  m_Father: {fileID: 0}
  m_RootOrder: 10
  m_LocalEulerAnglesHint: {x: 0, y: 0, z: 0}
  m_AnchorMin: {x: 0, y: 0}
  m_AnchorMax: {x: 0, y: 0}
  m_AnchoredPosition: {x: 0, y: 0}
  m_SizeDelta: {x: 0, y: 0}
  m_Pivot: {x: 0, y: 0}
--- !u!114 &1937673753
MonoBehaviour:
  m_ObjectHideFlags: 0
  m_CorrespondingSourceObject: {fileID: 0}
  m_PrefabInstance: {fileID: 0}
  m_PrefabAsset: {fileID: 0}
  m_GameObject: {fileID: 1937673751}
  m_Enabled: 1
  m_EditorHideFlags: 0
  m_Script: {fileID: 11500000, guid: dc42784cf147c0c48a680349fa168899, type: 3}
  m_Name: 
  m_EditorClassIdentifier: 
  m_IgnoreReversedGraphics: 1
  m_BlockingObjects: 0
  m_BlockingMask:
    serializedVersion: 2
    m_Bits: 2147483647
--- !u!114 &1937673754
MonoBehaviour:
  m_ObjectHideFlags: 0
  m_CorrespondingSourceObject: {fileID: 0}
  m_PrefabInstance: {fileID: 0}
  m_PrefabAsset: {fileID: 0}
  m_GameObject: {fileID: 1937673751}
  m_Enabled: 1
  m_EditorHideFlags: 0
  m_Script: {fileID: 11500000, guid: 0cd44c1031e13a943bb63640046fad76, type: 3}
  m_Name: 
  m_EditorClassIdentifier: 
  m_UiScaleMode: 1
  m_ReferencePixelsPerUnit: 100
  m_ScaleFactor: 1
  m_ReferenceResolution: {x: 800, y: 600}
  m_ScreenMatchMode: 0
  m_MatchWidthOrHeight: 0
  m_PhysicalUnit: 3
  m_FallbackScreenDPI: 96
  m_DefaultSpriteDPI: 96
  m_DynamicPixelsPerUnit: 1
  m_PresetInfoIsWorld: 0
--- !u!223 &1937673755
Canvas:
  m_ObjectHideFlags: 0
  m_CorrespondingSourceObject: {fileID: 0}
  m_PrefabInstance: {fileID: 0}
  m_PrefabAsset: {fileID: 0}
  m_GameObject: {fileID: 1937673751}
  m_Enabled: 1
  serializedVersion: 3
  m_RenderMode: 1
  m_Camera: {fileID: 330585545}
  m_PlaneDistance: 0.4
  m_PixelPerfect: 0
  m_ReceivesEvents: 1
  m_OverrideSorting: 0
  m_OverridePixelPerfect: 0
  m_SortingBucketNormalizedSize: 0
  m_AdditionalShaderChannelsFlag: 0
  m_SortingLayerID: 0
  m_SortingOrder: 1
  m_TargetDisplay: 0
--- !u!114 &1937673756
MonoBehaviour:
  m_ObjectHideFlags: 0
  m_CorrespondingSourceObject: {fileID: 0}
  m_PrefabInstance: {fileID: 0}
  m_PrefabAsset: {fileID: 0}
  m_GameObject: {fileID: 1937673751}
  m_Enabled: 0
  m_EditorHideFlags: 0
  m_Script: {fileID: 11500000, guid: a83ed3f7cffddd54d83376fc2a29fc7d, type: 3}
  m_Name: 
  m_EditorClassIdentifier: 
  mainCamera: {fileID: 0}
--- !u!1 &1994671784 stripped
GameObject:
  m_CorrespondingSourceObject: {fileID: 1186664194277121215, guid: 7be9de62d0eaaac4aaf6dc8fbaad9ada,
    type: 3}
  m_PrefabInstance: {fileID: 1640228772}
  m_PrefabAsset: {fileID: 0}
--- !u!4 &1994671785 stripped
Transform:
  m_CorrespondingSourceObject: {fileID: 700669094193436930, guid: 7be9de62d0eaaac4aaf6dc8fbaad9ada,
    type: 3}
  m_PrefabInstance: {fileID: 1640228772}
  m_PrefabAsset: {fileID: 0}
--- !u!114 &1994671786
MonoBehaviour:
  m_ObjectHideFlags: 0
  m_CorrespondingSourceObject: {fileID: 0}
  m_PrefabInstance: {fileID: 0}
  m_PrefabAsset: {fileID: 0}
  m_GameObject: {fileID: 1994671784}
  m_Enabled: 1
  m_EditorHideFlags: 0
  m_Script: {fileID: 11500000, guid: 652509f3bda693140ae6368410389efc, type: 3}
  m_Name: 
  m_EditorClassIdentifier: 
  upDownDistance: 16
  moveSpeed: 4
--- !u!1 &2022464106
GameObject:
  m_ObjectHideFlags: 0
  m_CorrespondingSourceObject: {fileID: 0}
  m_PrefabInstance: {fileID: 0}
  m_PrefabAsset: {fileID: 0}
  serializedVersion: 6
  m_Component:
  - component: {fileID: 2022464107}
  - component: {fileID: 2022464109}
  - component: {fileID: 2022464108}
  m_Layer: 0
  m_Name: EventSystem
  m_TagString: Untagged
  m_Icon: {fileID: 0}
  m_NavMeshLayer: 0
  m_StaticEditorFlags: 0
  m_IsActive: 1
--- !u!4 &2022464107
Transform:
  m_ObjectHideFlags: 0
  m_CorrespondingSourceObject: {fileID: 0}
  m_PrefabInstance: {fileID: 0}
  m_PrefabAsset: {fileID: 0}
  m_GameObject: {fileID: 2022464106}
  m_LocalRotation: {x: -0, y: -0, z: -0, w: 1}
  m_LocalPosition: {x: 764.24994, y: -592.0469, z: 424.52765}
  m_LocalScale: {x: 676.82385, y: 676.82385, z: 676.82385}
  m_ConstrainProportionsScale: 0
  m_Children: []
  m_Father: {fileID: 1937673752}
  m_RootOrder: 1
  m_LocalEulerAnglesHint: {x: 0, y: 0, z: 0}
--- !u!114 &2022464108
MonoBehaviour:
  m_ObjectHideFlags: 0
  m_CorrespondingSourceObject: {fileID: 0}
  m_PrefabInstance: {fileID: 0}
  m_PrefabAsset: {fileID: 0}
  m_GameObject: {fileID: 2022464106}
  m_Enabled: 1
  m_EditorHideFlags: 0
  m_Script: {fileID: 11500000, guid: 4f231c4fb786f3946a6b90b886c48677, type: 3}
  m_Name: 
  m_EditorClassIdentifier: 
  m_SendPointerHoverToParent: 1
  m_HorizontalAxis: Horizontal
  m_VerticalAxis: Vertical
  m_SubmitButton: Submit
  m_CancelButton: Cancel
  m_InputActionsPerSecond: 10
  m_RepeatDelay: 0.5
  m_ForceModuleActive: 0
--- !u!114 &2022464109
MonoBehaviour:
  m_ObjectHideFlags: 0
  m_CorrespondingSourceObject: {fileID: 0}
  m_PrefabInstance: {fileID: 0}
  m_PrefabAsset: {fileID: 0}
  m_GameObject: {fileID: 2022464106}
  m_Enabled: 1
  m_EditorHideFlags: 0
  m_Script: {fileID: 11500000, guid: 76c392e42b5098c458856cdf6ecaaaa1, type: 3}
  m_Name: 
  m_EditorClassIdentifier: 
  m_FirstSelected: {fileID: 0}
  m_sendNavigationEvents: 1
  m_DragThreshold: 10
--- !u!1001 &1039234916934943151
PrefabInstance:
  m_ObjectHideFlags: 0
  serializedVersion: 2
  m_Modification:
    m_TransformParent: {fileID: 0}
    m_Modifications:
    - target: {fileID: -3340657135849332403, guid: 4e9a53d16b198cd4f849651a87b05c18,
        type: 3}
      propertyPath: Jugador
      value: 
      objectReference: {fileID: 1871188208}
    - target: {fileID: -3340657135849332403, guid: 4e9a53d16b198cd4f849651a87b05c18,
        type: 3}
      propertyPath: rapidez
      value: 0
      objectReference: {fileID: 0}
    - target: {fileID: -3340657135849332403, guid: 4e9a53d16b198cd4f849651a87b05c18,
        type: 3}
      propertyPath: JugadorP
      value: 
      objectReference: {fileID: 1871188203}
    - target: {fileID: -3340657135849332403, guid: 4e9a53d16b198cd4f849651a87b05c18,
        type: 3}
      propertyPath: detectionRadius
      value: 15
      objectReference: {fileID: 0}
    - target: {fileID: -3340657135849332403, guid: 4e9a53d16b198cd4f849651a87b05c18,
        type: 3}
      propertyPath: velocidadProyectil
      value: 25
      objectReference: {fileID: 0}
    - target: {fileID: 3775718178317826584, guid: 4e9a53d16b198cd4f849651a87b05c18,
        type: 3}
      propertyPath: m_RootOrder
      value: 4
      objectReference: {fileID: 0}
    - target: {fileID: 3775718178317826584, guid: 4e9a53d16b198cd4f849651a87b05c18,
        type: 3}
      propertyPath: m_LocalPosition.x
      value: -0.01
      objectReference: {fileID: 0}
    - target: {fileID: 3775718178317826584, guid: 4e9a53d16b198cd4f849651a87b05c18,
        type: 3}
      propertyPath: m_LocalPosition.y
      value: 1.13
      objectReference: {fileID: 0}
    - target: {fileID: 3775718178317826584, guid: 4e9a53d16b198cd4f849651a87b05c18,
        type: 3}
      propertyPath: m_LocalPosition.z
      value: 45.62
      objectReference: {fileID: 0}
    - target: {fileID: 3775718178317826584, guid: 4e9a53d16b198cd4f849651a87b05c18,
        type: 3}
      propertyPath: m_LocalRotation.w
      value: 1
      objectReference: {fileID: 0}
    - target: {fileID: 3775718178317826584, guid: 4e9a53d16b198cd4f849651a87b05c18,
        type: 3}
      propertyPath: m_LocalRotation.x
      value: 0
      objectReference: {fileID: 0}
    - target: {fileID: 3775718178317826584, guid: 4e9a53d16b198cd4f849651a87b05c18,
        type: 3}
      propertyPath: m_LocalRotation.y
      value: 0
      objectReference: {fileID: 0}
    - target: {fileID: 3775718178317826584, guid: 4e9a53d16b198cd4f849651a87b05c18,
        type: 3}
      propertyPath: m_LocalRotation.z
      value: 0
      objectReference: {fileID: 0}
    - target: {fileID: 3775718178317826584, guid: 4e9a53d16b198cd4f849651a87b05c18,
        type: 3}
      propertyPath: m_LocalEulerAnglesHint.x
      value: 0
      objectReference: {fileID: 0}
    - target: {fileID: 3775718178317826584, guid: 4e9a53d16b198cd4f849651a87b05c18,
        type: 3}
      propertyPath: m_LocalEulerAnglesHint.y
      value: 0
      objectReference: {fileID: 0}
    - target: {fileID: 3775718178317826584, guid: 4e9a53d16b198cd4f849651a87b05c18,
        type: 3}
      propertyPath: m_LocalEulerAnglesHint.z
      value: 0
      objectReference: {fileID: 0}
    - target: {fileID: 6429103797496753859, guid: 4e9a53d16b198cd4f849651a87b05c18,
        type: 3}
      propertyPath: m_AngularDrag
      value: 0.05
      objectReference: {fileID: 0}
    - target: {fileID: 6429103797496753859, guid: 4e9a53d16b198cd4f849651a87b05c18,
        type: 3}
      propertyPath: m_Constraints
      value: 126
      objectReference: {fileID: 0}
    - target: {fileID: 6429103797496753859, guid: 4e9a53d16b198cd4f849651a87b05c18,
        type: 3}
      propertyPath: m_IsKinematic
      value: 0
      objectReference: {fileID: 0}
    - target: {fileID: 6840704003338170206, guid: 4e9a53d16b198cd4f849651a87b05c18,
        type: 3}
      propertyPath: m_Name
      value: Enemigo
      objectReference: {fileID: 0}
    - target: {fileID: 6840704003338170206, guid: 4e9a53d16b198cd4f849651a87b05c18,
        type: 3}
      propertyPath: m_StaticEditorFlags
      value: 2147483647
      objectReference: {fileID: 0}
    m_RemovedComponents: []
  m_SourcePrefab: {fileID: 100100000, guid: 4e9a53d16b198cd4f849651a87b05c18, type: 3}
--- !u!1001 &7428434012335877709
PrefabInstance:
  m_ObjectHideFlags: 0
  serializedVersion: 2
  m_Modification:
    m_TransformParent: {fileID: 545808970}
    m_Modifications:
    - target: {fileID: 7428434011003673305, guid: 167adaeae5ef48748a24b8d5493a6494,
        type: 3}
      propertyPath: m_Name
      value: GeneradorDeBolas
      objectReference: {fileID: 0}
    - target: {fileID: 7428434011003673307, guid: 167adaeae5ef48748a24b8d5493a6494,
        type: 3}
      propertyPath: m_RootOrder
      value: 2
      objectReference: {fileID: 0}
    - target: {fileID: 7428434011003673307, guid: 167adaeae5ef48748a24b8d5493a6494,
        type: 3}
      propertyPath: m_LocalPosition.x
      value: 0.95876694
      objectReference: {fileID: 0}
    - target: {fileID: 7428434011003673307, guid: 167adaeae5ef48748a24b8d5493a6494,
        type: 3}
      propertyPath: m_LocalPosition.y
      value: 1.6349812
      objectReference: {fileID: 0}
    - target: {fileID: 7428434011003673307, guid: 167adaeae5ef48748a24b8d5493a6494,
        type: 3}
      propertyPath: m_LocalPosition.z
      value: -7.64172
      objectReference: {fileID: 0}
    - target: {fileID: 7428434011003673307, guid: 167adaeae5ef48748a24b8d5493a6494,
        type: 3}
      propertyPath: m_LocalRotation.w
      value: 1
      objectReference: {fileID: 0}
    - target: {fileID: 7428434011003673307, guid: 167adaeae5ef48748a24b8d5493a6494,
        type: 3}
      propertyPath: m_LocalRotation.x
      value: -0
      objectReference: {fileID: 0}
    - target: {fileID: 7428434011003673307, guid: 167adaeae5ef48748a24b8d5493a6494,
        type: 3}
      propertyPath: m_LocalRotation.y
      value: -0
      objectReference: {fileID: 0}
    - target: {fileID: 7428434011003673307, guid: 167adaeae5ef48748a24b8d5493a6494,
        type: 3}
      propertyPath: m_LocalRotation.z
      value: -0
      objectReference: {fileID: 0}
    - target: {fileID: 7428434011003673307, guid: 167adaeae5ef48748a24b8d5493a6494,
        type: 3}
      propertyPath: m_LocalEulerAnglesHint.x
      value: 0
      objectReference: {fileID: 0}
    - target: {fileID: 7428434011003673307, guid: 167adaeae5ef48748a24b8d5493a6494,
        type: 3}
      propertyPath: m_LocalEulerAnglesHint.y
      value: 0
      objectReference: {fileID: 0}
    - target: {fileID: 7428434011003673307, guid: 167adaeae5ef48748a24b8d5493a6494,
        type: 3}
      propertyPath: m_LocalEulerAnglesHint.z
      value: 0
      objectReference: {fileID: 0}
    m_RemovedComponents: []
  m_SourcePrefab: {fileID: 100100000, guid: 167adaeae5ef48748a24b8d5493a6494, type: 3}
